3674 5694
623 1611 816 1692 Leotori
856 1610 1096 1693 Benevola

690 1761 838 1836 Salutem
860 1769 896 1835 et
918 1762 1037 1836 offieial

316 2027 396 2092 Cum
421 2051 485 2092 non
510 2030 697 2114 peregrinos
720 2031 835 2102 solum,
859 2031 978 2115 linguae
1002 2031 1154 2094 Sueoanae
1177 2027 1380 2092 addiscendae
1401 2027 1491 2111 eupi-

229 2133 298 2216 dos,
332 2133 509 2209 multoties,
544 2133 599 2196 sed
635 2133 731 2196 etiam
767 2156 808 2196 ex
842 2133 1004 2218 indigenis
1033 2134 1119 2196 viros
1143 2133 1291 2196 cordatos
1314 2131 1490 2216 patriaeque

229 2249 383 2320 ementes,
417 2249 451 2298 et
482 2237 515 2300 iu
550 2237 599 2300 his
627 2237 783 2322 quosdam
807 2237 951 2322 adprime
973 2237 1129 2316 eruditos,
1153 2237 1270 2320 saepius
1292 2257 1358 2298 non
1382 2234 1491 2298 mirari

230 2340 336 2417 modo,
360 2341 417 2402 sed
441 2353 474 2401 et
497 2341 652 2425 conqueri
675 2341 865 2423 audiverim,
888 2342 985 2425 quod,
1009 2364 1081 2404 eum
1107 2341 1240 2404 aliarum
1265 2339 1408 2404 omnium
1430 2339 1491 2402 lin·

229 2465 363 2528 guarum
387 2443 612 2527 grammatices
636 2457 797 2529 praecepte
819 2457 942 2517 extent,
966 2445 1035 2508 sols
1055 2445 1166 2527 lingua
1186 2443 1316 2508 Suetioa
1332 2440 1493 2526 ejusmodi

229 2546 458 2610 commoditate
492 2545 743 2631 adjumentoque
779 2549 821 2610 sit
855 2549 1025 2612 destituta:
1056 2569 1140 2632 saepe
1164 2559 1198 2610 et
1221 2568 1283 2631 ego
1305 2545 1392 2610 haud
1415 2565 1491 2608 sane

229 2650 449 2734 perfunctorie
484 2649 593 2714 mirari
628 2671 664 2712 ae
692 2663 853 2735 reputare,
888 2673 1033 2735 quaenam
1067 2653 1175 2734 ejusce
1209 2650 1257 2713 rei
1280 2671 1350 2714 esse
1374 2648 1493 2712 debeat

230 2777 336 2832 eausa,
361 2753 447 2838 quod
470 2753 592 2816 nullam
617 2753 721 2816 adhue
744 2755 776 2816 in
799 2755 910 2839 lingua
925 2767 1034 2818 nostra
1049 2753 1223 2818 habeamus
1239 2753 1493 2838 grammaticam.

230 2860 284 2920 An
318 2857 437 2942 linguae
471 2855 646 2942 multiplex
679 2857 817 2920 varietas
851 2869 884 2920 et
917 2857 1075 2937 confusio,
1110 2856 1151 2920 ob
1184 2874 1281 2942 ¹quam
1310 2855 1431 2920 nullius
1454 2877 1493 2920 ee

231 2983 334 3046 oapax
356 2960 399 3024 sit
422 2959 554 3038 ordinis,
578 2961 716 3024 eertisve
747 2961 868 3044 regulis
886 2984 923 3024 ac-
939 2962 1108 3046 praeceptis
1126 2973 1224 3045 queat
1239 2957 1494 3045 comprehendi?

232 3069 285 3128 An
309 3063 484 3128 difficultas
508 3065 614 3149 operis
638 3077 735 3139 tante,
761 3079 796 3126 ut
819 3064 849 3126 ei
872 3087 968 3128 nemo
984 3087 1078 3139 unus,
1095 3086 1135 3128 ne
1153 3063 1334 3128 inchoando
1350 3064 1493 3148 quidem,

231 3191 288 3252 par
323 3189 393 3230 esse
418 3164 542 3250 possit?
587 3169 640 3228 An
664 3189 742 3230 vero
765 3168 888 3230 invidia
922 3167 1028 3254 alique
1051 3168 1204 3232 adversus
1228 3181 1367 3241 exteros,
1390 3165 1493 3252 (quod

230 3271 373 3355 quidam,
404 3270 487 3334 salso
519 3270 607 3346 lieet,
642 3270 783 3354 objicere
817 3271 910 3334 nobis
945 3272 1119 3355 sustinent)
1153 3284 1189 3334 ut
1217 3271 1373 3334 videlieet
1401 3270 1494 3334 nobis

231 3375 308 3440 solis
343 3375 453 3460 petriae
487 3374 605 3458 linguae
638 3373 754 3436 notitia
788 3397 912 3458 usuque
946 3387 1035 3438 recto
1070 3375 1232 3438 exoellere
1266 3374 1494 3458 exsultareque

230 3476 350 3544 liceat?
395 3482 448 3542 An
483 3477 684 3562 negligentia
712 3479 819 3562 potius
849 3501 970 3554 eorum,
994 3480 1049 3564 qui
1079 3477 1201 3562 aliquid
1226 3477 1494 3562 operaepretium

230 3583 264 3646 in
299 3582 357 3646 hoo
391 3582 524 3667 negotio
559 3595 708 3667 praestare
743 3582 935 3667 potuissent,
963 3581 1110 3646 simodo
1134 3582 1275 3646 animum
1300 3601 1494 3664 manumque

232 3686 324 3771 operi
357 3698 422 3750 tem
458 3685 640 3750 desiderato
676 3686 848 3748 admovere
883 3683 1085 3749 voluissent?
1131 3684 1195 3748 Sed
1218 3684 1274 3748 has
1306 3705 1428 3760 oausss,
1463 3696 1497 3746 et

231 3789 327 3873 hujus
360 3789 471 3854 sorinae
506 3789 595 3868 alias,
619 3811 693 3853 oum
717 3789 862 3852 exactius
886 3811 1012 3853 meeum
1036 3788 1292 3874 perpendissem‚
1317 3785 1496 3871 deprehen·

233 3893 417 3977 diseemque
441 3915 505 3956 non
529 3893 682 3977 singulas,
706 3893 772 3956 imo
795 3915 835 3956 no
859 3893 1026 3956 universas
1049 3892 1191 3976 quidem,
1216 3891 1296 3954 tanti
1320 3912 1389 3954 esse
1413 3911 1495 3974 pon·

232 3997 330 4080 deris,
364 4009 401 4060 ut
433 3997 487 4060 vel
520 4019 650 4082 prorsus
685 3997 886 4081 desperatam
918 4018 985 4058 rem
1009 3996 1125 4072 faeere,
1149 3996 1203 4058 vel
1226 4015 1357 4080 operam
1381 3991 1496 4056 ineolis

232 4101 353 4186 pariter
387 4113 421 4163 et
454 4099 634 4185 peregrinis
664 4114 728 4162 tam
752 4101 868 4162 utilem
891 4122 927 4163 ae
951 4100 1164 4164 neeessariam
1190 4099 1285 4184 plane
1309 4097 1496 4160 dissuadere

233 4205 371 4280 valeant,
405 4203 603 4268 debeantve:
638 4204 757 4268 sensim
791 4203 971 4288 indignatio
1006 4225 1134 4288 quoque
1169 4201 1324 4266 nonnulle
1353 4201 1495 4264 animum

234 4330 341 4372 meum
369 4307 507 4384 subibat,
543 4308 629 4392 quod
665 4321 739 4393 post
771 4307 1018 4371 Nobilissimum
1043 4307 1103 4370 Du.
1127 4305 1312 4369 dobennem
1336 4304 1496 4381 Buraeum‚

232 4411 338 4496 Regni
363 4412 484 4474 Sueeiae
509 4413 739 4496 Antiquarium
751 4412 1018 4494 Celeberrimum,
1036 4410 1191 4474 haetenus
1208 4432 1303 4474 nemo
1320 4409 1495 4472 Sueoorum

234 4516 391 4591 extiterit,
415 4516 470 4600 qui
494 4516 710 4599 grammaticae
732 4517 867 4600 alioujus
889 4515 1041 4580 Sueeanae
1058 4515 1185 4599 plenius
1202 4511 1366 4576 tradendae
1382 4513 1496 4576 saltem

236 4619 416 4705 perieulum
440 4619 566 4682 feeerit.
612 4619 689 4699 Quae
713 4642 763 4684 res
787 4619 896 4684 effecit
919 4619 1059 4695 tandem,
1083 4631 1119 4681 ut
1142 4630 1216 4682 unte
1239 4617 1363 4702 aliquot
1397 4640 1497 4681 annos

235 4723 295 4790 sub
318 4723 444 4804 diebus,
467 4736 504 4788 ut
526 4737 654 4804 vocant,
677 4726 923 4792 Caniculsribus
946 4727 979 4791 in
1003 4724 1089 4789 huno
1104 4743 1198 4789 usum
1216 4721 1323 4810 aliqua
1338 4721 1499 4788 mediteri-
