<?xml version="1.0" encoding="UTF-8"?>
<!DOCTYPE html PUBLIC "-//W3C//DTD XHTML 1.0 Transitional//EN"
    "http://www.w3.org/TR/xhtml1/DTD/xhtml1-transitional.dtd">
<html xmlns="http://www.w3.org/1999/xhtml" xml:lang="en" lang="en">
 <head>
  <title>
</title>
<meta http-equiv="Content-Type" content="text/html;charset=utf-8" />
  <meta name='ocr-system' content='tesseract 3.04.00' />
  <meta name='ocr-capabilities' content='ocr_page ocr_carea ocr_par ocr_line ocrx_word'/>
</head>
<body>
  <div class='ocr_page' id='page_1' title='image "./grammaticaesvec00aurigoog_0098.png"; bbox 0 0 3648 5696; ppageno 0'>
   <div class='ocr_carea' id='block_1_1' title="bbox 511 457 1467 539">
    <p class='ocr_par' dir='ltr' id='par_1_1' title="bbox 511 457 1467 539">
     <span class='ocr_line' id='line_1_1' title="bbox 511 457 1467 539; baseline 0.005 -21"><span class='ocrx_word' id='word_1_1' title='bbox 511 457 623 518; x_wconf 75' lang='lat' dir='ltr'>Quarta</span> <span class='ocrx_word' id='word_1_2' title='bbox 646 458 813 518; x_wconf 84' lang='lat' dir='ltr'>Declinatio</span> <span class='ocrx_word' id='word_1_3' title='bbox 837 461 949 518; x_wconf 73' lang='lat' dir='ltr'>Forma</span> <span class='ocrx_word' id='word_1_4' title='bbox 973 461 1166 539; x_wconf 84' lang='lat' dir='ltr'>Respeotivae.</span> <span class='ocrx_word' id='word_1_5' title='bbox 1427 465 1467 523; x_wconf 85' lang='lat'>87</span> 
     </span>
    </p>
   </div>
   <div class='ocr_carea' id='block_1_2' title="bbox 205 639 1466 1020">
    <p class='ocr_par' dir='ltr' id='par_1_2' title="bbox 205 639 1466 1020">
     <span class='ocr_line' id='line_1_2' title="bbox 291 639 1466 731; baseline 0.009 -30"><span class='ocrx_word' id='word_1_6' title='bbox 291 639 359 703; x_wconf 91' lang='lat' dir='ltr'>NB.</span> <span class='ocrx_word' id='word_1_7' title='bbox 382 659 429 702; x_wconf 93' lang='lat'>111.</span> <span class='ocrx_word' id='word_1_8' title='bbox 477 643 691 705; x_wconf 86' lang='lat' dir='ltr'>Accusativus</span> <span class='ocrx_word' id='word_1_9' title='bbox 720 666 847 729; x_wconf 88' lang='lat' dir='ltr'>quoque</span> <span class='ocrx_word' id='word_1_10' title='bbox 873 644 966 707; x_wconf 88' lang='lat' dir='ltr'>aliter</span> <span class='ocrx_word' id='word_1_11' title='bbox 989 668 1072 730; x_wconf 86' lang='lat' dir='ltr'>saepe</span> <span class='ocrx_word' id='word_1_12' title='bbox 1096 645 1238 708; x_wconf 87' lang='lat' dir='ltr'>flectitur</span> <span class='ocrx_word' id='word_1_13' title='bbox 1261 669 1355 731; x_wconf 89' lang='lat' dir='ltr'>quam</span> <span class='ocrx_word' id='word_1_14' title='bbox 1380 671 1466 713; x_wconf 91' lang='lat' dir='ltr'>nom.</span> 
     </span>
     <span class='ocr_line' id='line_1_3' title="bbox 205 744 1464 836; baseline 0.009 -32"><span class='ocrx_word' id='word_1_15' title='bbox 205 765 322 827; x_wconf 84' lang='lat' dir='ltr'><strong>nempe</strong></span> <span class='ocrx_word' id='word_1_16' title='bbox 346 744 379 806; x_wconf 91' lang='lat' dir='ltr'>in</span> <span class='ocrx_word' id='word_1_17' title='bbox 402 766 455 818; x_wconf 81' lang='lat' dir='ltr'>aa,</span> <span class='ocrx_word' id='word_1_18' title='bbox 480 758 516 808; x_wconf 94' lang='lat' dir='ltr'>ut</span> <span class='ocrx_word' id='word_1_19' title='bbox 538 747 722 821; x_wconf 74' lang='lat' dir='ltr'>stramiaco,</span> <span class='ocrx_word' id='word_1_20' title='bbox 752 749 880 824; x_wconf 74' lang='lat' dir='ltr'>belena,</span> <span class='ocrx_word' id='word_1_21' title='bbox 901 750 1081 832; x_wconf 68' lang='lat' dir='ltr'>pressurae,</span> <span class='ocrx_word' id='word_1_22' title='bbox 1105 751 1241 833; x_wconf 74' lang='lat' dir='ltr'>sicilenu,</span> <span class='ocrx_word' id='word_1_23' title='bbox 1266 764 1301 812; x_wconf 91' lang='lat' dir='ltr'>ut</span> <span class='ocrx_word' id='word_1_24' title='bbox 1324 774 1407 836; x_wconf 87' lang='lat' dir='ltr'>saepe</span> <span class='ocrx_word' id='word_1_25' title='bbox 1432 754 1464 815; x_wconf 92' lang='lat' dir='ltr'>in</span> 
     </span>
     <span class='ocr_line' id='line_1_4' title="bbox 205 847 1465 938; baseline 0.01 -30"><span class='ocrx_word' id='word_1_26' title='bbox 205 849 236 910; x_wconf 84' lang='lat' dir='ltr'>S.</span> <span class='ocrx_word' id='word_1_27' title='bbox 272 847 397 912; x_wconf 90' lang='lat' dir='ltr'>Bibliis.</span> <span class='ocrx_word' id='word_1_28' title='bbox 444 850 525 912; x_wconf 90' lang='lat' dir='ltr'>Item</span> <span class='ocrx_word' id='word_1_29' title='bbox 561 851 593 912; x_wconf 91' lang='lat' dir='ltr'>in</span> <span class='ocrx_word' id='word_1_30' title='bbox 627 851 693 914; x_wconf 86' lang='lat' dir='ltr'>LL.</span> <span class='ocrx_word' id='word_1_31' title='bbox 726 853 853 935; x_wconf 80' lang='lat' dir='ltr'>nostris,</span> <span class='ocrx_word' id='word_1_32' title='bbox 877 866 912 916; x_wconf 92' lang='lat' dir='ltr'>ut</span> <span class='ocrx_word' id='word_1_33' title='bbox 935 855 1055 926; x_wconf 74' lang='lat' dir='ltr'>botrata,</span> <span class='ocrx_word' id='word_1_34' title='bbox 1076 857 1283 937; x_wconf 71' lang='lat' dir='ltr'>perniayeau,</span> <span class='ocrx_word' id='word_1_35' title='bbox 1306 856 1465 938; x_wconf 80' lang='lat' dir='ltr'>ltelfftena.</span> 
     </span>
     <span class='ocr_line' id='line_1_5' title="bbox 205 951 877 1020; baseline 0.009 -6"><span class='ocrx_word' id='word_1_36' title='bbox 205 951 287 1014; x_wconf 91' lang='lat' dir='ltr'>Item</span> <span class='ocrx_word' id='word_1_37' title='bbox 314 951 440 1015; x_wconf 78' lang='lat' dir='ltr'>dativus</span> <span class='ocrx_word' id='word_1_38' title='bbox 465 965 498 1016; x_wconf 87' lang='lat' dir='ltr'>et</span> <span class='ocrx_word' id='word_1_39' title='bbox 521 954 680 1017; x_wconf 76' lang='lat' dir='ltr'>ablativus</span> <span class='ocrx_word' id='word_1_40' title='bbox 703 955 877 1020; x_wconf 86' lang='lat' dir='ltr'>interdum.</span> 
     </span>
    </p>
   </div>
   <div class='ocr_carea' id='block_1_3' title="bbox 679 1271 987 1345">
    <p class='ocr_par' dir='ltr' id='par_1_3' title="bbox 679 1271 987 1345">
     <span class='ocr_line' id='line_1_6' title="bbox 679 1271 987 1345; baseline 0 -13"><span class='ocrx_word' id='word_1_41' title='bbox 679 1271 794 1345; x_wconf 78' lang='lat' dir='ltr'>Quarta</span> <span class='ocrx_word' id='word_1_42' title='bbox 818 1272 987 1334; x_wconf 83' lang='lat' dir='ltr'>Declinatio</span> 
     </span>
    </p>
   </div>
   <div class='ocr_carea' id='block_1_4' title="bbox 617 1427 1041 1526">
    <p class='ocr_par' dir='ltr' id='par_1_4' title="bbox 617 1427 1041 1526">
     <span class='ocr_line' id='line_1_7' title="bbox 617 1427 1041 1526; baseline 0.007 -25"><span class='ocrx_word' id='word_1_43' title='bbox 617 1438 765 1503; x_wconf 81' lang='lat' dir='ltr'>Formae</span> <span class='ocrx_word' id='word_1_44' title='bbox 788 1427 1041 1526; x_wconf 85' lang='lat' dir='ltr'>Respectiva.</span> 
     </span>
    </p>
   </div>
   <div class='ocr_carea' id='block_1_5' title="bbox 201 1612 1517 3567">
    <p class='ocr_par' dir='ltr' id='par_1_5' title="bbox 203 1612 1463 1790">
     <span class='ocr_line' id='line_1_8' title="bbox 291 1612 1463 1699; baseline 0.004 -26"><span class='ocrx_word' id='word_1_45' title='bbox 291 1612 350 1674; x_wconf 83' lang='lat' dir='ltr'>Est</span> <span class='ocrx_word' id='word_1_46' title='bbox 373 1614 554 1697; x_wconf 81' lang='lat' dir='ltr'>respectiva</span> <span class='ocrx_word' id='word_1_47' title='bbox 577 1613 711 1676; x_wconf 86' lang='lat' dir='ltr'>inflexio</span> <span class='ocrx_word' id='word_1_48' title='bbox 732 1614 898 1677; x_wconf 84' lang='lat' dir='ltr'>nominum</span> <span class='ocrx_word' id='word_1_49' title='bbox 915 1627 1034 1699; x_wconf 70' lang='lat' dir='ltr'>quartae</span> <span class='ocrx_word' id='word_1_50' title='bbox 1059 1614 1283 1677; x_wconf 87' lang='lat' dir='ltr'>declinationis</span> <span class='ocrx_word' id='word_1_51' title='bbox 1299 1616 1463 1692; x_wconf 73' lang='lat' dir='ltr'>absoluta,</span> 
     </span>
     <span class='ocr_line' id='line_1_9' title="bbox 203 1715 1462 1790; baseline 0.002 -13"><span class='ocrx_word' id='word_1_52' title='bbox 203 1715 316 1778; x_wconf 89' lang='lat' dir='ltr'>itidem</span> <span class='ocrx_word' id='word_1_53' title='bbox 341 1717 373 1778; x_wconf 91' lang='lat' dir='ltr'>in</span> <span class='ocrx_word' id='word_1_54' title='bbox 398 1731 626 1779; x_wconf 82' lang='lat' dir='ltr'>consonantem</span> <span class='ocrx_word' id='word_1_55' title='bbox 651 1717 878 1790; x_wconf 85' lang='lat' dir='ltr'>desinentium,</span> <span class='ocrx_word' id='word_1_56' title='bbox 902 1718 1150 1780; x_wconf 81' lang='lat' dir='ltr'>masculinorum</span> <span class='ocrx_word' id='word_1_57' title='bbox 1175 1732 1207 1780; x_wconf 87' lang='lat' dir='ltr'>et</span> <span class='ocrx_word' id='word_1_58' title='bbox 1224 1718 1462 1782; x_wconf 80' lang='lat' dir='ltr'>femininorum.</span> 
     </span>
    </p>

    <p class='ocr_par' dir='ltr' id='par_1_6' title="bbox 289 1821 1289 1906">
     <span class='ocr_line' id='line_1_10' title="bbox 289 1821 1289 1906; baseline 0.001 -22"><span class='ocrx_word' id='word_1_59' title='bbox 289 1821 516 1884; x_wconf 87' lang='lat' dir='ltr'>Nominativus</span> <span class='ocrx_word' id='word_1_60' title='bbox 540 1821 621 1906; x_wconf 83' lang='lat' dir='ltr'>sing.</span> <span class='ocrx_word' id='word_1_61' title='bbox 646 1821 736 1884; x_wconf 82' lang='lat' dir='ltr'>addit</span> <span class='ocrx_word' id='word_1_62' title='bbox 758 1843 796 1886; x_wconf 79' lang='lat' dir='ltr'>en</span> <span class='ocrx_word' id='word_1_63' title='bbox 819 1821 859 1884; x_wconf 87' lang='lat' dir='ltr'>ad</span> <span class='ocrx_word' id='word_1_64' title='bbox 882 1843 966 1887; x_wconf 90' lang='lat' dir='ltr'>nom.</span> <span class='ocrx_word' id='word_1_65' title='bbox 991 1823 1072 1906; x_wconf 84' lang='lat' dir='ltr'>sing.</span> <span class='ocrx_word' id='word_1_66' title='bbox 1097 1822 1289 1886; x_wconf 88' lang='lat' dir='ltr'>absolutum.</span> 
     </span>
    </p>

    <p class='ocr_par' dir='ltr' id='par_1_7' title="bbox 290 1923 1461 2009">
     <span class='ocr_line' id='line_1_11' title="bbox 290 1923 1461 2009; baseline 0.002 -22"><span class='ocrx_word' id='word_1_67' title='bbox 290 1923 461 1987; x_wconf 88' lang='lat' dir='ltr'>Genitivus</span> <span class='ocrx_word' id='word_1_68' title='bbox 495 1925 576 2009; x_wconf 88' lang='lat' dir='ltr'>sing,</span> <span class='ocrx_word' id='word_1_69' title='bbox 611 1925 739 1988; x_wconf 82' lang='lat' dir='ltr'>addita</span> <span class='ocrx_word' id='word_1_70' title='bbox 763 1926 801 1988; x_wconf 90' lang='lat' dir='ltr'>ad</span> <span class='ocrx_word' id='word_1_71' title='bbox 825 1925 979 1989; x_wconf 90' lang='lat' dir='ltr'>nominat.</span> <span class='ocrx_word' id='word_1_72' title='bbox 1002 1926 1197 2009; x_wconf 76' lang='lat' dir='ltr'>singularem</span> <span class='ocrx_word' id='word_1_73' title='bbox 1222 1925 1316 2009; x_wconf 89' lang='lat' dir='ltr'>hujus</span> <span class='ocrx_word' id='word_1_74' title='bbox 1339 1924 1461 1989; x_wconf 82' lang='lat' dir='ltr'>formae.</span> 
     </span>
    </p>

    <p class='ocr_par' dir='ltr' id='par_1_8' title="bbox 202 2028 1463 2322">
     <span class='ocr_line' id='line_1_12' title="bbox 288 2028 1463 2114; baseline 0.002 -24"><span class='ocrx_word' id='word_1_75' title='bbox 288 2028 425 2092; x_wconf 88' lang='lat' dir='ltr'>Dativus</span> <span class='ocrx_word' id='word_1_76' title='bbox 459 2041 492 2091; x_wconf 89' lang='lat' dir='ltr'>et</span> <span class='ocrx_word' id='word_1_77' title='bbox 526 2029 621 2092; x_wconf 89' lang='lat' dir='ltr'>ablat.</span> <span class='ocrx_word' id='word_1_78' title='bbox 653 2030 734 2114; x_wconf 87' lang='lat' dir='ltr'>sing.</span> <span class='ocrx_word' id='word_1_79' title='bbox 762 2030 863 2113; x_wconf 69' lang='lat' dir='ltr'>*juxta</span> <span class='ocrx_word' id='word_1_80' title='bbox 898 2030 1110 2092; x_wconf 84' lang='lat' dir='ltr'>recentiorem</span> <span class='ocrx_word' id='word_1_81' title='bbox 1142 2029 1317 2092; x_wconf 84' lang='lat' dir='ltr'>flexionem</span> <span class='ocrx_word' id='word_1_82' title='bbox 1341 2029 1463 2092; x_wconf 83' lang='lat' dir='ltr'>similes</span> 
     </span>
     <span class='ocr_line' id='line_1_13' title="bbox 203 2133 1462 2218; baseline 0.001 -23"><span class='ocrx_word' id='word_1_83' title='bbox 203 2147 278 2195; x_wconf 91' lang='lat' dir='ltr'>sunt</span> <span class='ocrx_word' id='word_1_84' title='bbox 311 2133 525 2209; x_wconf 90' lang='lat' dir='ltr'>nominativo;</span> <span class='ocrx_word' id='word_1_85' title='bbox 561 2134 738 2196; x_wconf 88' lang='lat' dir='ltr'>secundum</span> <span class='ocrx_word' id='word_1_86' title='bbox 774 2134 987 2218; x_wconf 84' lang='lat' dir='ltr'>antiquiorem</span> <span class='ocrx_word' id='word_1_87' title='bbox 1011 2156 1088 2196; x_wconf 92' lang='lat' dir='ltr'>vero</span> <span class='ocrx_word' id='word_1_88' title='bbox 1113 2133 1146 2195; x_wconf 93' lang='lat' dir='ltr'>in</span> <span class='ocrx_word' id='word_1_89' title='bbox 1171 2133 1356 2197; x_wconf 87' lang='lat' dir='ltr'>masculinis</span> <span class='ocrx_word' id='word_1_90' title='bbox 1379 2133 1462 2196; x_wconf 87' lang='lat' dir='ltr'>desi·</span> 
     </span>
     <span class='ocr_line' id='line_1_14' title="bbox 202 2237 1460 2322; baseline 0.002 -24"><span class='ocrx_word' id='word_1_91' title='bbox 202 2252 283 2299; x_wconf 91' lang='lat' dir='ltr'>nunt</span> <span class='ocrx_word' id='word_1_92' title='bbox 316 2237 348 2298; x_wconf 93' lang='lat' dir='ltr'>in</span> <span class='ocrx_word' id='word_1_93' title='bbox 378 2258 438 2311; x_wconf 83' lang='lat' dir='ltr'>om,</span> <span class='ocrx_word' id='word_1_94' title='bbox 462 2238 553 2300; x_wconf 93' lang='lat' dir='ltr'>utin</span> <span class='ocrx_word' id='word_1_95' title='bbox 579 2238 681 2322; x_wconf 87' lang='lat' dir='ltr'>prima</span> <span class='ocrx_word' id='word_1_96' title='bbox 704 2250 737 2300; x_wconf 91' lang='lat' dir='ltr'>et</span> <span class='ocrx_word' id='word_1_97' title='bbox 760 2238 855 2300; x_wconf 89' lang='lat' dir='ltr'>tertia</span> <span class='ocrx_word' id='word_1_98' title='bbox 879 2237 1006 2311; x_wconf 82' lang='lat' dir='ltr'>declin,</span> <span class='ocrx_word' id='word_1_99' title='bbox 1030 2238 1064 2299; x_wconf 91' lang='lat' dir='ltr'>in</span> <span class='ocrx_word' id='word_1_100' title='bbox 1088 2237 1254 2300; x_wconf 85' lang='lat' dir='ltr'>femininis</span> <span class='ocrx_word' id='word_1_101' title='bbox 1278 2259 1355 2300; x_wconf 89' lang='lat' dir='ltr'>vero</span> <span class='ocrx_word' id='word_1_102' title='bbox 1378 2237 1411 2298; x_wconf 90' lang='lat' dir='ltr'>in</span> <span class='ocrx_word' id='word_1_103' title='bbox 1435 2259 1460 2301; x_wconf 86' lang='lat' dir='ltr'>e.</span> 
     </span>
    </p>

    <p class='ocr_par' dir='ltr' id='par_1_9' title="bbox 201 2340 1517 2737">
     <span class='ocr_line' id='line_1_15' title="bbox 289 2340 1517 2426; baseline -0.002 -22"><span class='ocrx_word' id='word_1_104' title='bbox 289 2342 503 2404; x_wconf 84' lang='lat' dir='ltr'>Accusativus</span> <span class='ocrx_word' id='word_1_105' title='bbox 533 2341 613 2426; x_wconf 89' lang='lat' dir='ltr'>sing.</span> <span class='ocrx_word' id='word_1_106' title='bbox 638 2342 814 2404; x_wconf 89' lang='lat' dir='ltr'>secuudum</span> <span class='ocrx_word' id='word_1_107' title='bbox 839 2343 1051 2404; x_wconf 87' lang='lat' dir='ltr'>recentiorem</span> <span class='ocrx_word' id='word_1_108' title='bbox 1076 2340 1251 2404; x_wconf 87' lang='lat' dir='ltr'>flexionem</span> <span class='ocrx_word' id='word_1_109' title='bbox 1275 2341 1389 2404; x_wconf 85' lang='lat' dir='ltr'>similis</span> <span class='ocrx_word' id='word_1_110' title='bbox 1415 2354 1464 2402; x_wconf 86' lang='lat' dir='ltr'>eet</span> <span class='ocrx_word' id='word_1_111' title='bbox 1513 2379 1517 2387; x_wconf 86' lang='lat'>·</span> 
     </span>
     <span class='ocr_line' id='line_1_16' title="bbox 201 2444 1462 2530; baseline 0 -24"><span class='ocrx_word' id='word_1_112' title='bbox 201 2445 367 2520; x_wconf 83' lang='lat' dir='ltr'>nominat,</span> <span class='ocrx_word' id='word_1_113' title='bbox 394 2446 572 2508; x_wconf 89' lang='lat' dir='ltr'>secundum</span> <span class='ocrx_word' id='word_1_114' title='bbox 596 2446 810 2530; x_wconf 85' lang='lat' dir='ltr'>antiquiorem</span> <span class='ocrx_word' id='word_1_115' title='bbox 835 2467 911 2507; x_wconf 88' lang='lat' dir='ltr'>vero</span> <span class='ocrx_word' id='word_1_116' title='bbox 936 2446 1046 2507; x_wconf 85' lang='lat' dir='ltr'>variat.</span> <span class='ocrx_word' id='word_1_117' title='bbox 1082 2444 1119 2507; x_wconf 93' lang='lat' dir='ltr'>In</span> <span class='ocrx_word' id='word_1_118' title='bbox 1145 2444 1330 2506; x_wconf 87' lang='lat' dir='ltr'>masculinis</span> <span class='ocrx_word' id='word_1_119' title='bbox 1348 2444 1462 2506; x_wconf 89' lang='lat' dir='ltr'>similis</span> 
     </span>
     <span class='ocr_line' id='line_1_17' title="bbox 203 2547 1461 2633; baseline 0.001 -24"><span class='ocrx_word' id='word_1_120' title='bbox 203 2562 252 2610; x_wconf 90' lang='lat' dir='ltr'>est</span> <span class='ocrx_word' id='word_1_121' title='bbox 274 2571 370 2624; x_wconf 80' lang='lat' dir='ltr'>nom,</span> <span class='ocrx_word' id='word_1_122' title='bbox 387 2549 419 2611; x_wconf 92' lang='lat' dir='ltr'>in</span> <span class='ocrx_word' id='word_1_123' title='bbox 444 2549 608 2611; x_wconf 88' lang='lat' dir='ltr'>femininis</span> <span class='ocrx_word' id='word_1_124' title='bbox 632 2571 709 2611; x_wconf 89' lang='lat' dir='ltr'>vero</span> <span class='ocrx_word' id='word_1_125' title='bbox 733 2548 852 2610; x_wconf 83' lang='lat' dir='ltr'>desinit</span> <span class='ocrx_word' id='word_1_126' title='bbox 875 2549 908 2610; x_wconf 93' lang='lat' dir='ltr'>in</span> <span class='ocrx_word' id='word_1_127' title='bbox 931 2571 962 2624; x_wconf 85' lang='lat' dir='ltr'>a,</span> <span class='ocrx_word' id='word_1_128' title='bbox 987 2548 1217 2633; x_wconf 85' lang='lat' dir='ltr'>formaturque,</span> <span class='ocrx_word' id='word_1_129' title='bbox 1235 2547 1362 2631; x_wconf 87' lang='lat' dir='ltr'>adjecto</span> <span class='ocrx_word' id='word_1_130' title='bbox 1377 2569 1398 2611; x_wconf 83' lang='lat' dir='ltr'>a</span> <span class='ocrx_word' id='word_1_131' title='bbox 1422 2547 1461 2610; x_wconf 89' lang='lat' dir='ltr'>ad</span> 
     </span>
     <span class='ocr_line' id='line_1_18' title="bbox 202 2653 515 2737; baseline 0.006 -23"><span class='ocrx_word' id='word_1_132' title='bbox 202 2675 287 2717; x_wconf 90' lang='lat' dir='ltr'>nom.</span> <span class='ocrx_word' id='word_1_133' title='bbox 308 2653 515 2737; x_wconf 86' lang='lat' dir='ltr'>singularem.</span> 
     </span>
    </p>

    <p class='ocr_par' dir='ltr' id='par_1_10' title="bbox 290 2756 570 2820">
     <span class='ocr_line' id='line_1_19' title="bbox 290 2756 570 2820; baseline 0.007 -2"><span class='ocrx_word' id='word_1_134' title='bbox 290 2756 449 2819; x_wconf 86' lang='lat' dir='ltr'>Vocativo</span> <span class='ocrx_word' id='word_1_135' title='bbox 474 2770 570 2820; x_wconf 89' lang='lat' dir='ltr'>caret.</span> 
     </span>
    </p>

    <p class='ocr_par' dir='ltr' id='par_1_11' title="bbox 203 2857 1463 3050">
     <span class='ocr_line' id='line_1_20' title="bbox 289 2857 1463 2944; baseline -0.003 -22"><span class='ocrx_word' id='word_1_136' title='bbox 289 2859 515 2922; x_wconf 86' lang='lat' dir='ltr'>Nominativus</span> <span class='ocrx_word' id='word_1_137' title='bbox 550 2861 632 2944; x_wconf 90' lang='lat' dir='ltr'>plur.</span> <span class='ocrx_word' id='word_1_138' title='bbox 657 2861 776 2922; x_wconf 90' lang='lat' dir='ltr'>desiuit</span> <span class='ocrx_word' id='word_1_139' title='bbox 798 2861 830 2924; x_wconf 90' lang='lat' dir='ltr'>iu</span> <span class='ocrx_word' id='word_1_140' title='bbox 855 2882 933 2926; x_wconf 77' lang='lat' dir='ltr'>arna</span> <span class='ocrx_word' id='word_1_141' title='bbox 957 2874 990 2923; x_wconf 88' lang='lat' dir='ltr'>et</span> <span class='ocrx_word' id='word_1_142' title='bbox 1012 2860 1178 2936; x_wconf 86' lang='lat' dir='ltr'>formatur,</span> <span class='ocrx_word' id='word_1_143' title='bbox 1204 2859 1330 2942; x_wconf 88' lang='lat' dir='ltr'>adjecta</span> <span class='ocrx_word' id='word_1_144' title='bbox 1353 2857 1463 2920; x_wconf 88' lang='lat' dir='ltr'>termi-</span> 
     </span>
     <span class='ocr_line' id='line_1_21' title="bbox 203 2963 1073 3050; baseline 0.005 -24"><span class='ocrx_word' id='word_1_145' title='bbox 203 2965 332 3026; x_wconf 89' lang='lat' dir='ltr'>natione</span> <span class='ocrx_word' id='word_1_146' title='bbox 356 2985 400 3028; x_wconf 77' lang='lat' dir='ltr'>na</span> <span class='ocrx_word' id='word_1_147' title='bbox 424 2963 463 3026; x_wconf 90' lang='lat' dir='ltr'>ad</span> <span class='ocrx_word' id='word_1_148' title='bbox 488 2965 642 3028; x_wconf 88' lang='lat' dir='ltr'>nominat.</span> <span class='ocrx_word' id='word_1_149' title='bbox 666 2965 749 3050; x_wconf 91' lang='lat' dir='ltr'>plur.</span> <span class='ocrx_word' id='word_1_150' title='bbox 776 2965 886 3028; x_wconf 87' lang='lat' dir='ltr'>formae</span> <span class='ocrx_word' id='word_1_151' title='bbox 910 2965 1073 3030; x_wconf 87' lang='lat' dir='ltr'>absolutae.</span> 
     </span>
    </p>

    <p class='ocr_par' dir='ltr' id='par_1_12' title="bbox 289 3065 1460 3153">
     <span class='ocr_line' id='line_1_22' title="bbox 289 3065 1460 3153; baseline -0.005 -22"><span class='ocrx_word' id='word_1_152' title='bbox 289 3067 459 3131; x_wconf 87' lang='lat' dir='ltr'>Genitivus</span> <span class='ocrx_word' id='word_1_153' title='bbox 482 3069 565 3153; x_wconf 92' lang='lat' dir='ltr'>plur.</span> <span class='ocrx_word' id='word_1_154' title='bbox 591 3068 682 3131; x_wconf 88' lang='lat' dir='ltr'>addit</span> <span class='ocrx_word' id='word_1_155' title='bbox 704 3082 828 3132; x_wconf 89' lang='lat' dir='ltr'>tantum</span> <span class='ocrx_word' id='word_1_156' title='bbox 853 3091 869 3133; x_wconf 87' lang='lat' dir='ltr'>s</span> <span class='ocrx_word' id='word_1_157' title='bbox 893 3068 930 3130; x_wconf 86' lang='lat' dir='ltr'>ad</span> <span class='ocrx_word' id='word_1_158' title='bbox 956 3069 1109 3131; x_wconf 87' lang='lat' dir='ltr'>nominat.</span> <span class='ocrx_word' id='word_1_159' title='bbox 1127 3068 1210 3152; x_wconf 91' lang='lat' dir='ltr'>plur.</span> <span class='ocrx_word' id='word_1_160' title='bbox 1227 3065 1322 3149; x_wconf 91' lang='lat' dir='ltr'>hujus</span> <span class='ocrx_word' id='word_1_161' title='bbox 1339 3065 1460 3128; x_wconf 91' lang='lat' dir='ltr'>formae.</span> 
     </span>
    </p>

    <p class='ocr_par' dir='ltr' id='par_1_13' title="bbox 203 3167 1463 3464">
     <span class='ocr_line' id='line_1_23' title="bbox 288 3167 1463 3256; baseline -0.003 -22"><span class='ocrx_word' id='word_1_162' title='bbox 288 3172 425 3234; x_wconf 91' lang='lat' dir='ltr'>Dativus</span> <span class='ocrx_word' id='word_1_163' title='bbox 460 3185 492 3234; x_wconf 89' lang='lat' dir='ltr'>et</span> <span class='ocrx_word' id='word_1_164' title='bbox 527 3172 685 3234; x_wconf 88' lang='lat' dir='ltr'>ablativus</span> <span class='ocrx_word' id='word_1_165' title='bbox 721 3173 801 3256; x_wconf 92' lang='lat' dir='ltr'>plur.</span> <span class='ocrx_word' id='word_1_166' title='bbox 838 3173 1029 3256; x_wconf 86' lang='lat' dir='ltr'>regulariter</span> <span class='ocrx_word' id='word_1_167' title='bbox 1053 3171 1173 3234; x_wconf 90' lang='lat' dir='ltr'>desinit</span> <span class='ocrx_word' id='word_1_168' title='bbox 1195 3171 1228 3232; x_wconf 92' lang='lat' dir='ltr'>in</span> <span class='ocrx_word' id='word_1_169' title='bbox 1251 3191 1331 3233; x_wconf 77' lang='lat' dir='ltr'>mett.</span> <span class='ocrx_word' id='word_1_170' title='bbox 1378 3167 1463 3246; x_wconf 76' lang='lat' dir='ltr'>Quo-</span> 
     </span>
     <span class='ocr_line' id='line_1_24' title="bbox 205 3274 1463 3361; baseline -0.004 -23"><span class='ocrx_word' id='word_1_171' title='bbox 205 3278 299 3338; x_wconf 92' lang='lat' dir='ltr'>modo</span> <span class='ocrx_word' id='word_1_172' title='bbox 335 3287 442 3338; x_wconf 89' lang='lat' dir='ltr'>autem</span> <span class='ocrx_word' id='word_1_173' title='bbox 467 3275 633 3358; x_wconf 85' lang='lat' dir='ltr'>formetur,</span> <span class='ocrx_word' id='word_1_174' title='bbox 657 3276 720 3338; x_wconf 89' lang='lat' dir='ltr'>vid.</span> <span class='ocrx_word' id='word_1_175' title='bbox 748 3299 817 3360; x_wconf 90' lang='lat' dir='ltr'>sup.</span> <span class='ocrx_word' id='word_1_176' title='bbox 842 3299 916 3361; x_wconf 86' lang='lat' dir='ltr'>pag.</span> <span class='ocrx_word' id='word_1_177' title='bbox 939 3279 991 3353; x_wconf 79' lang='lat' dir='ltr'>ll,</span> <span class='ocrx_word' id='word_1_178' title='bbox 1015 3277 1065 3338; x_wconf 79' lang='lat'>78.</span> <span class='ocrx_word' id='word_1_179' title='bbox 1111 3274 1263 3353; x_wconf 78' lang='lat' dir='ltr'>Quamvis</span> <span class='ocrx_word' id='word_1_180' title='bbox 1287 3274 1388 3335; x_wconf 88' lang='lat' dir='ltr'>rarius</span> <span class='ocrx_word' id='word_1_181' title='bbox 1412 3294 1463 3334; x_wconf 88' lang='lat' dir='ltr'>oe-</span> 
     </span>
     <span class='ocr_line' id='line_1_25' title="bbox 203 3379 1141 3464; baseline -0.003 -21"><span class='ocrx_word' id='word_1_182' title='bbox 203 3392 309 3442; x_wconf 90' lang='lat' dir='ltr'>currat</span> <span class='ocrx_word' id='word_1_183' title='bbox 333 3380 473 3441; x_wconf 85' lang='lat' dir='ltr'>maxime</span> <span class='ocrx_word' id='word_1_184' title='bbox 497 3380 529 3441; x_wconf 91' lang='lat' dir='ltr'>in</span> <span class='ocrx_word' id='word_1_185' title='bbox 553 3379 666 3443; x_wconf 89' lang='lat' dir='ltr'>femin.</span> <span class='ocrx_word' id='word_1_186' title='bbox 690 3379 771 3463; x_wconf 89' lang='lat' dir='ltr'>(vid.</span> <span class='ocrx_word' id='word_1_187' title='bbox 795 3393 861 3444; x_wconf 91' lang='lat' dir='ltr'>not.</span> <span class='ocrx_word' id='word_1_188' title='bbox 884 3403 953 3464; x_wconf 93' lang='lat' dir='ltr'>sup.</span> <span class='ocrx_word' id='word_1_189' title='bbox 976 3401 1049 3464; x_wconf 89' lang='lat' dir='ltr'>pag.</span> <span class='ocrx_word' id='word_1_190' title='bbox 1074 3379 1141 3460; x_wconf 75' lang='lat'>78).</span> 
     </span>
    </p>

    <p class='ocr_par' dir='ltr' id='par_1_14' title="bbox 289 3478 1463 3567">
     <span class='ocr_line' id='line_1_26' title="bbox 289 3478 1463 3567; baseline -0.005 -22"><span class='ocrx_word' id='word_1_191' title='bbox 289 3483 505 3546; x_wconf 85' lang='lat' dir='ltr'>Accusativus</span> <span class='ocrx_word' id='word_1_192' title='bbox 529 3483 611 3567; x_wconf 91' lang='lat' dir='ltr'>plur.</span> <span class='ocrx_word' id='word_1_193' title='bbox 636 3483 705 3544; x_wconf 90' lang='lat' dir='ltr'>sim.</span> <span class='ocrx_word' id='word_1_194' title='bbox 731 3505 815 3544; x_wconf 92' lang='lat' dir='ltr'>nom.</span> <span class='ocrx_word' id='word_1_195' title='bbox 841 3483 923 3566; x_wconf 90' lang='lat' dir='ltr'>plur.</span> <span class='ocrx_word' id='word_1_196' title='bbox 947 3495 1012 3544; x_wconf 90' lang='lat' dir='ltr'>tarn</span> <span class='ocrx_word' id='word_1_197' title='bbox 1036 3483 1069 3543; x_wconf 91' lang='lat' dir='ltr'>in</span> <span class='ocrx_word' id='word_1_198' title='bbox 1090 3503 1184 3543; x_wconf 87' lang='lat' dir='ltr'>maso.</span> <span class='ocrx_word' id='word_1_199' title='bbox 1202 3503 1296 3564; x_wconf 92' lang='lat' dir='ltr'>quam</span> <span class='ocrx_word' id='word_1_200' title='bbox 1315 3478 1463 3540; x_wconf 85' lang='lat' dir='ltr'>seminia.</span> 
     </span>
    </p>
   </div>
   <div class='ocr_carea' id='block_1_6' title="bbox 655 3774 1023 3856">
    <p class='ocr_par' dir='ltr' id='par_1_15' title="bbox 655 3774 1023 3856">
     <span class='ocr_line' id='line_1_27' title="bbox 655 3774 1023 3856; baseline -0.008 -16"><span class='ocrx_word' id='word_1_201' title='bbox 655 3780 683 3841; x_wconf 94' lang='lat'>1.</span> <span class='ocrx_word' id='word_1_202' title='bbox 728 3774 1023 3856; x_wconf 85' lang='lat' dir='ltr'>Paradigmata</span> 
     </span>
    </p>
   </div>
   <div class='ocr_carea' id='block_1_7' title="bbox 673 3931 996 3996">
    <p class='ocr_par' dir='ltr' id='par_1_16' title="bbox 673 3931 996 3996">
     <span class='ocr_line' id='line_1_28' title="bbox 673 3931 996 3996; baseline -0.022 1"><span class='ocrx_word' id='word_1_203' title='bbox 673 3931 996 3996; x_wconf 89' lang='lat' dir='ltr'>Masculinorum.</span> 
     </span>
    </p>
   </div>
   <div class='ocr_carea' id='block_1_8' title="bbox 292 4085 1102 4165">
    <p class='ocr_par' dir='ltr' id='par_1_17' title="bbox 292 4085 1102 4165">
     <span class='ocr_line' id='line_1_29' title="bbox 292 4085 1102 4165; baseline -0.01 -10"><span class='ocrx_word' id='word_1_204' title='bbox 292 4093 326 4155; x_wconf 91' lang='lat' dir='ltr'>ln</span> <span class='ocrx_word' id='word_1_205' title='bbox 351 4092 380 4154; x_wconf 83' lang='lat' dir='ltr'>d.</span> <span class='ocrx_word' id='word_1_206' title='bbox 1012 4085 1049 4146; x_wconf 91' lang='lat' dir='ltr'>ln</span> <span class='ocrx_word' id='word_1_207' title='bbox 1071 4106 1102 4165; x_wconf 76' lang='lat'>9.</span> 
     </span>
    </p>
   </div>
   <div class='ocr_carea' id='block_1_9' title="bbox 201 4181 1424 4768">
    <p class='ocr_par' dir='ltr' id='par_1_18' title="bbox 201 4181 1424 4768">
     <span class='ocr_line' id='line_1_30' title="bbox 274 4181 1424 4260; baseline -0.011 -16"><span class='ocrx_word' id='word_1_208' title='bbox 274 4192 364 4246; x_wconf 85' lang='lat' dir='ltr'>Flexio</span> <span class='ocrx_word' id='word_1_209' title='bbox 382 4192 532 4260; x_wconf 85' lang='lat' dir='ltr'>Antiquior.</span> <span class='ocrx_word' id='word_1_210' title='bbox 678 4187 828 4242; x_wconf 82' lang='lat' dir='ltr'>Recentior.</span> <span class='ocrx_word' id='word_1_211' title='bbox 933 4187 1024 4240; x_wconf 75' lang='lat' dir='ltr'>flexio</span> <span class='ocrx_word' id='word_1_212' title='bbox 1042 4185 1190 4254; x_wconf 85' lang='lat' dir='ltr'>Antiquior.</span> <span class='ocrx_word' id='word_1_213' title='bbox 1275 4181 1424 4234; x_wconf 83' lang='lat' dir='ltr'>Recentior.</span> 
     </span>
     <span class='ocr_line' id='line_1_31' title="bbox 291 4272 1099 4362; baseline -0.01 -21"><span class='ocrx_word' id='word_1_214' title='bbox 291 4279 379 4362; x_wconf 90' lang='lat' dir='ltr'>Sing.</span> <span class='ocrx_word' id='word_1_215' title='bbox 865 4321 866 4325; x_wconf 65' lang='lat'>,</span> <span class='ocrx_word' id='word_1_216' title='bbox 1012 4272 1099 4355; x_wconf 85' lang='lat' dir='ltr'>Sing.</span> 
     </span>
     <span class='ocr_line' id='line_1_32' title="bbox 203 4375 1384 4464; baseline -0.006 -21"><span class='ocrx_word' id='word_1_217' title='bbox 203 4381 296 4443; x_wconf 88' lang='lat' dir='ltr'>Nom.</span> <span class='ocrx_word' id='word_1_218' title='bbox 315 4381 434 4464; x_wconf 69' lang='lat' dir='ltr'>ledaea,</span> <span class='ocrx_word' id='word_1_219' title='bbox 456 4381 603 4445; x_wconf 80' lang='lat' dir='ltr'>amedhen</span> <span class='ocrx_word' id='word_1_220' title='bbox 639 4379 749 4443; x_wconf 75' lang='lat' dir='ltr'>ledaea</span> <span class='ocrx_word' id='word_1_221' title='bbox 926 4375 1205 4456; x_wconf 57' lang='lat' dir='ltr'>stramenticium</span> <span class='ocrx_word' id='word_1_222' title='bbox 1230 4379 1384 4454; x_wconf 73' lang='lat' dir='ltr'>strdnpea</span> 
     </span>
     <span class='ocr_line' id='line_1_33' title="bbox 205 4478 1404 4558; baseline -0.007 -12"><span class='ocrx_word' id='word_1_223' title='bbox 205 4482 285 4546; x_wconf 83' lang='lat' dir='ltr'>Gen.</span> <span class='ocrx_word' id='word_1_224' title='bbox 311 4484 438 4548; x_wconf 74' lang='lat' dir='ltr'>lectitans</span> <span class='ocrx_word' id='word_1_225' title='bbox 639 4481 766 4545; x_wconf 76' lang='lat' dir='ltr'>ledhena</span> <span class='ocrx_word' id='word_1_226' title='bbox 926 4484 1098 4558; x_wconf 72' lang='lat' dir='ltr'>atrdnqeas</span> <span class='ocrx_word' id='word_1_227' title='bbox 1232 4478 1404 4554; x_wconf 71' lang='lat' dir='ltr'>strumene</span> 
     </span>
     <span class='ocr_line' id='line_1_34' title="bbox 201 4577 1415 4668; baseline -0.007 -21"><span class='ocrx_word' id='word_1_228' title='bbox 201 4586 285 4668; x_wconf 82' lang='lat' dir='ltr'>Dat,</span> <span class='ocrx_word' id='word_1_229' title='bbox 310 4585 385 4648; x_wconf 89' lang='lat' dir='ltr'>Abl.</span> <span class='ocrx_word' id='word_1_230' title='bbox 411 4585 571 4650; x_wconf 82' lang='lat' dir='ltr'>ledhcaom</span> <span class='ocrx_word' id='word_1_231' title='bbox 639 4583 709 4646; x_wconf 89' lang='lat' dir='ltr'>sim.</span> <span class='ocrx_word' id='word_1_232' title='bbox 734 4605 819 4645; x_wconf 88' lang='lat' dir='ltr'>nom.</span> <span class='ocrx_word' id='word_1_233' title='bbox 927 4587 1132 4662; x_wconf 72' lang='lat' dir='ltr'>atrriayeaom</span> <span class='ocrx_word' id='word_1_234' title='bbox 1234 4577 1305 4638; x_wconf 91' lang='lat' dir='ltr'>sim.</span> <span class='ocrx_word' id='word_1_235' title='bbox 1329 4597 1415 4638; x_wconf 91' lang='lat' dir='ltr'>nom.</span> 
     </span>
     <span class='ocr_line' id='line_1_35' title="bbox 202 4678 1416 4768; baseline -0.014 -14"><span class='ocrx_word' id='word_1_236' title='bbox 202 4691 281 4756; x_wconf 80' lang='lat' dir='ltr'>Aac.</span> <span class='ocrx_word' id='word_1_237' title='bbox 307 4688 416 4752; x_wconf 79' lang='lat' dir='ltr'>ledlten</span> <span class='ocrx_word' id='word_1_238' title='bbox 638 4686 709 4748; x_wconf 91' lang='lat' dir='ltr'>sim.</span> <span class='ocrx_word' id='word_1_239' title='bbox 735 4707 821 4760; x_wconf 66' lang='lat' dir='ltr'>nom.¹</span> <span class='ocrx_word' id='word_1_240' title='bbox 929 4685 998 4746; x_wconf 92' lang='lat' dir='ltr'>sim.</span> <span class='ocrx_word' id='word_1_241' title='bbox 1022 4704 1106 4744; x_wconf 89' lang='lat' dir='ltr'>nom.</span> <span class='ocrx_word' id='word_1_242' title='bbox 1235 4678 1305 4748; x_wconf 87' lang='lat' dir='ltr'>sim.</span> <span class='ocrx_word' id='word_1_243' title='bbox 1329 4699 1416 4768; x_wconf 74' lang='lat' dir='ltr'>nom.</span> 
     </span>
    </p>
   </div>
   <div class='ocr_carea' id='block_1_10' title="bbox 0 0 1828 5696">
    <p class='ocr_par' dir='ltr' id='par_1_19' title="bbox 0 0 1828 5696">
     <span class='ocr_line' id='line_1_36' title="bbox 0 0 1828 5696; baseline 0 0"><span class='ocrx_word' id='word_1_244' title='bbox 0 0 1828 5696; x_wconf 95' lang='lat' dir='ltr'> </span> 
     </span>
    </p>
   </div>
  </div>
 </body>
</html>
