3648 5696
451 579 454 586 s
494 521 699 598 Paradigmata
721 521 828 581 Primae
852 523 1086 601 Conjugationis.

538 705 592 768 De
614 703 827 769 Praeterito
851 703 1048 783 Definito.

250 828 321 892 Hoc
343 828 438 915 plane
461 827 548 890 idem
572 837 621 891 est
644 849 716 891 cum
739 823 941 910 imperfecte,
965 823 1234 910 quemadmodum
1257 826 1418 891 inactiva

163 956 253 1016 voce,
276 946 311 997 ut
330 935 397 1018 jam
422 944 495 996 ante
519 932 723 996 observatum
747 931 832 1016 (pag.
857 931 939 1016 142).

511 1120 566 1184 De
589 1117 803 1182 Praeterito
826 1115 1069 1203 Respectivo

777 1233 811 1285 et

583 1323 1005 1411 Plusquamperfecto.

253 1448 330 1512 Haec
363 1461 519 1534 tempora,
553 1446 637 1510 sicut
663 1447 696 1509 in
731 1446 844 1524 activa,
868 1446 914 1510 ita
935 1446 968 1508 in
992 1445 1119 1532 passiva
1142 1468 1232 1530 voce,
1255 1447 1416 1532 propriam

166 1552 390 1616 formationem
425 1574 489 1614 non
522 1549 651 1625 habent,
680 1549 736 1613 sed
765 1573 823 1635 per
850 1549 949 1613 verba
972 1549 1151 1629 auxiliaria,
1173 1551 1292 1636 dafeca,
1315 1573 1418 1627 wara,

164 1657 287 1738 warda,
314 1669 346 1720 et
368 1655 575 1742 participium
597 1653 759 1739 passivum
784 1654 1019 1739 exprimuntur.
1045 1653 1097 1719 Sic
1113 1654 1263 1739 praeterit.
1281 1667 1416 1740 respect.

157 1759 219 1841 jay
252 1760 352 1824 hudhe
385 1761 480 1824 wurit
513 1758 659 1838 nitricem,
692 1757 846 1842 brutana,
879 1757 1042 1840 orthod&
1077 1757 1329 1844 plusquamperf.
1355 1761 1418 1842 jap

164 1863 287 1946 haswcr
319 1865 424 1942 morit,
458 1863 605 1941 disiecit,
640 1861 796 1941 traducit,
824 1860 980 1944 nutricatis,
1004 1883 1060 1924 seu
1081 1863 1138 1944 jay
1161 1867 1202 1927 ἄν
1224 1863 1350 1927 worden
1372 1864 1419 1928 ct-

164 1967 266 2032 slradt
290 1980 361 2043 etc.;
384 1981 417 2030 et
439 1990 497 2053 pro
521 1988 559 2029 eo
583 1978 748 2052 receptum
775 1965 870 2028 etiam
886 1965 949 2048 jay
970 1969 1010 2030 (ir
1035 1966 1181 2044 distant,
1198 1966 1342 2032 brukudlt
1356 1972 1418 2031 eto.

165 2069 260 2133 Unde
284 2094 361 2133 vero
384 2071 540 2134 formatur
563 2069 768 2155 participium
792 2068 872 2132 illud
896 2069 1070 2154 passivum,
1095 2091 1231 2154 pronum
1255 2083 1303 2133 est
1326 2069 1419 2133 intel·

164 2174 265 2258 ligere
289 2187 418 2261 etpost
441 2177 480 2238 de
504 2174 674 2260 participio
697 2174 831 2238 dicetur.

665 2379 719 2443 Dc
753 2379 918 2443 Futuro.

251 2501 297 2564 Ut
330 2501 363 2564 in
398 2501 512 2585 activa,
535 2501 581 2564 ita
615 2523 719 2585 neque
753 2500 805 2564 hic
828 2501 861 2564 in
886 2501 1012 2586 passiva
1034 2522 1113 2563 voce
1138 2501 1299 2585 propriam
1324 2501 1422 2568 habet

166 2604 353 2689 flexionem,
377 2605 432 2668 sed
465 2605 678 2689 perverbum
703 2604 859 2668 auxiliare
878 2605 938 2686 jap
961 2603 1043 2681 skal,
1067 2615 1122 2666 aut
1137 2606 1200 2687 jury
1222 2606 1291 2670 wilt
1314 2608 1418 2692 expri-

166 2710 262 2772 mitur
296 2722 329 2771 et
362 2731 500 2794 praesens
535 2708 702 2772 indicativi
735 2709 867 2787 dietum
901 2721 937 2770 ut
963 2709 1025 2790 jay
1047 2708 1120 2772 atui
1142 2708 1264 2787 distas,
1287 2714 1419 2795 uytticS,

165 2815 285 2880 brutus
319 2825 378 2876 etc.
407 2813 469 2896 jay
503 2813 577 2878 atui
600 2812 734 2896 foetas,
766 2813 911 2896 witerico,
944 2812 1083 2889 siuilliae,
1117 2812 1258 2896 coroticus,
1297 2815 1418 2894 sotice,

165 2917 270 2983 tritius
294 2929 353 2980 etc.

250 3021 319 3086 NB.
365 3019 644 3100 Quemadmodum
677 3019 711 3084 in
745 3019 849 3084 activa
882 3040 971 3099 voce,
1006 3019 1051 3083 ita
1085 3031 1118 3082 et
1151 3019 1204 3083 hic
1232 3031 1419 3082 caeterorum

164 3125 332 3189 modorum
366 3123 625 3188 terminationem
655 3146 691 3187 ac
725 3123 950 3188 formationem
983 3124 1109 3187 tradere
1132 3146 1196 3186 non
1220 3137 1322 3196 vacat,
1347 3147 1418 3186 curn

165 3251 202 3292 ea
223 3229 275 3292 vel
300 3251 341 3292 ex
359 3230 427 3313 jam
450 3227 587 3304 traditis,
611 3228 664 3291 vel
688 3251 729 3291 ex
753 3227 1025 3313 paradigmatibus
1042 3227 1137 3290 facile
1154 3227 1292 3313 perspici
1308 3229 1420 3313 possit.

383 3449 679 3532 Paradigmata
701 3449 842 3515 Primae
866 3449 1199 3534 Gonjugationis.

252 3593 280 3654 1.
327 3589 508 3653 Verborum
533 3611 622 3674 praes.
647 3588 814 3652 indicativi
837 3588 1024 3652 facientium
1042 3589 1073 3650 in
1091 3609 1141 3671 ar,
1158 3588 1226 3651 sive
1242 3587 1421 3652 infinitivus
1483 3595 1485 3600 ’

165 3693 291 3756 desinat
313 3694 345 3756 in
369 3715 391 3758 u
414 3716 541 3779 purum,
564 3694 631 3757 sive
655 3693 834 3778 impurum;
857 3692 984 3778 imperf.
1009 3715 1085 3754 vero
1103 3705 1135 3755 et
1150 3692 1232 3777 peri.
1251 3692 1419 3755 definitum

164 3797 196 3861 in
221 3797 309 3863 adite.
1188 3795 1191 3801 ’

630 3954 786 4020 Activae
820 3953 953 4020 Vocis.

668 4075 924 4140 Indicativur

679 4195 904 4282 Praesens.¹)

251 4316 339 4409 Sing.
881 4318 968 4383 Plur.

167 4433 193 4492 l.
216 4429 282 4510 Jap
304 4428 427 4504 dicitur,
451 4429 573 4510 upttiur
804 4423 868 4507 Wij
891 4424 1024 4508 distem,
1047 4426 1179 4506 upttiom

165 4535 194 4595 2.
223 4533 270 4596 Tu
293 4529 416 4610 dictor,
439 4533 562 4613 aptam
795 4527 959 4603 Idisteu,
983 4530 1104 4612 nuttam

165 4639 194 4700 3.
219 4635 298 4700 Hau
320 4635 445 4714 dictur,
469 4636 591 4718 uytticr
799 4633 862 4697 rte
885 4633 991 4716 diolco,
1015 4635 1119 4714 upttiu

236 4777 254 4842 ¹)
274 4778 403 4834 Quaenam
423 4777 449 4826 ei
468 4777 621 4827 inserviant
640 4776 793 4839 particulae,
813 4775 869 4824 vid.
889 4789 947 4838 sup.
968 4789 1031 4838 pag.
1049 4775 1110 4850 ¹126,
1121 4773 1168 4822 ubi
1187 4772 1332 4822 recensitae
1352 4781 1422 4821 sunt.

240 4881 385 4920 auricilltus:
406 4877 548 4920 Grarritnatiea
561 4878 666 4919 Sisenna.
1322 4857 1355 4908 10
