3674 5694
370 499 409 560 66
697 501 745 562 Er.
771 499 922 562 Aurivillii
947 502 1142 564 Grammatica
1166 504 1302 566 Sveenna.

438 685 529 740 Flexio
547 685 697 755 Antiquior.
843 685 993 742 Recentior.

455 772 539 836 Plur.

369 875 399 937 N
402 898 464 940 om.
488 897 584 958 synar
802 899 899 962 spner

369 975 450 1040 Gen.
474 999 590 1060 spuere
802 1001 916 1064 spaera

370 1077 455 1154 Dat,
481 1079 556 1142 Abl.
584 1081 653 1147 sinn.
679 1105 765 1146 nom.
804 1083 873 1146 sim.
897 1108 982 1149 nom.

370 1174 457 1258 Αὀα,
482 1181 561 1244 Voe.
586 1183 655 1246 sirn.
681 1207 765 1248 nom.
804 1186 873 1250 sirn.
898 1211 984 1252 nom.

457 1375 494 1438 ln
519 1381 539 1440 t.

454 1478 541 1562 Sing.

369 1581 462 1643 Nom.
476 1587 554 1663 aar,
577 1581 678 1655 donst,
699 1587 765 1646 aon
799 1587 866 1662 pert

1095 689 1186 744 Florio
1205 691 1355 760 Antiquior.
1438 693 1586 748 Recentior.

1178 778 1266 842 Plur.

1090 902 1182 946 roser
1395 902 1486 946 rosor

1089 1005 1199 1048 rosera
1394 1006 1504 1050 rosera

1089 1107 1197 1149 rosam
1395 1087 1464 1149 sim.
1489 1109 1575 1149 nom.

1090 1187 1161 1250 sim.
1186 1210 1272 1252 norn.
1398 1189 1468 1251 airn.
1492 1211 1577 1251 nom.

1175 1377 1212 1438 ln
1238 1383 1259 1440 t.

1176 1477 1262 1540 Plur.

1087 1585 1196 1658 priter,
1220 1573 1348 1645 donator
1392 1587 1494 1662 potior

367 1681 447 1745 Gen.
468 1689 553 1764 poeta
798 1689 883 1765 poeta
1085 1689 1203 1763 petters
1392 1689 1510 1764 petiero

367 1785 453 1868 Dat,
484 1785 560 1848 Abl.
586 1785 656 1849 sirn.
679 1809 764 1848 norn.
801 1785 870 1848 sinn.
895 1808 981 1848 nom.
1087 1783 1158 1847 sim.
1182 1809 1269 1850 norn.
1395 1786 1466 1848 sim.
1491 1808 1575 1850 nom.

365 1893 450 1969 Aee,
477 1887 556 1949 Voe.
582 1887 652 1950 aim.
677 1910 765 1951 nom.
800 1887 870 1951 sinn.
895 1910 980 1951 nom.
1087 1887 1157 1950 sim.
1183 1911 1268 1950 norn.
1394 1888 1464 1949 sirn.
1489 1909 1574 1949 nom.

732 2181 1029 2245 Femininorum
1054 2182 1256 2245 Anomala.

451 2337 488 2399 ln
511 2337 655 2416 genitivo
679 2338 843 2423 singulari,
868 2337 1049 2400 desinentia
1071 2337 1104 2400 in
1128 2360 1154 2419 s,
1177 2351 1213 2400 ut
1229 2360 1270 2400 ex
1287 2337 1507 2422 paradigmate
1524 2351 1624 2422 patet.

450 2441 487 2502 In
511 2441 710 2504 nominativo
734 2442 862 2527 plurali,
887 2441 1031 2526 quaedam
1056 2441 1237 2508 desinentia
1259 2442 1291 2502 in
1308 2442 1382 2524 aad,
1399 2464 1469 2525 quae
1486 2441 1518 2502 in
1538 2463 1624 2503 nom.

364 2543 525 2628 pluralia
549 2546 728 2608 mutantia
752 2550 783 2621 ci,
809 2559 844 2607 ut
866 2546 962 2627 hund,
986 2545 1029 2629 pl.
1053 2545 1192 2624 tundam
1215 2545 1302 2625 tund,
1327 2544 1371 2629 pl.
1392 2545 1523 2621 triadem
1539 2545 1624 2609 rond

362 2649 502 2726 rduder,·
536 2649 648 2732 brand,
683 2650 842 2726 trondem
864 2650 939 2726 ond,
973 2651 1084 2732 (iader,
1130 2649 1223 2727 Quod
1257 2648 1344 2711 idern
1374 2648 1453 2711 facit
1475 2654 1555 2730 nott,
1579 2648 1623 2733 pl.

363 2755 479 2815 orditer.

451 2853 615 2933 Quaedanr,
640 2854 821 2918 desinentia
843 2856 876 2918 in
900 2862 959 2931 ool,
983 2878 1000 2921 0
1024 2870 1148 2920 mutant
1171 2856 1205 2919 in
1228 2861 1255 2930 ὃ,
1280 2868 1316 2918 ut
1339 2861 1417 2934 root,
1442 2857 1485 2940 pl.
1510 2861 1623 2934 tillem·

361 2963 446 3032 nont,
471 2958 513 3042 pl.
537 2963 648 3022 nttter.
694 2958 747 3021 Sic
771 2959 868 3022 etiam
892 2961 978 3037 book,
1003 2961 1044 3045 pl.
1071 2961 1191 3025 bdoloer.

449 3063 613 3144 Quaedam,
627 3063 807 3125 desinentia
829 3064 862 3126 in
886 3066 960 3147 dap,
984 3065 1005 3128 d
1028 3077 1154 3127 mutant
1175 3064 1209 3126 in
1232 3068 1264 3146 d,
1281 3075 1317 3125 ut
1332 3063 1418 3144 tdnp,
1435 3061 1478 3146 pl.
1495 3065 1622 3142 tdnyer;

315 3213 321 3222 .
361 3166 467 3248 stdnp,
492 3165 535 3250 pl.
559 3171 699 3248 stdnper.

450 3268 613 3346 Quaedam,
637 3269 670 3331 in
705 3275 716 3333 t
745 3269 935 3346 desinentia,
970 3270 1136 3353 geminant
1159 3275 1171 3333 t
1193 3270 1226 3332 iu
1250 3291 1335 3332 nom.
1360 3268 1488 3354 plurali,
1512 3278 1546 3330 et
1568 3267 1621 3330 vel

363 3373 507 3434 localem
542 3373 733 3435 nominativi
768 3379 849 3455 sing.
872 3373 1024 3456 retinent,
1053 3385 1089 3436 ut
1109 3378 1187 3456 peel,
1211 3373 1255 3458 pl.
1277 3378 1386 3455 petter,
1409 3372 1462 3434 vel
1485 3384 1622 3456 mutant,

363 3488 399 3538 ut
421 3481 499 3558 root,
524 3477 566 3561 pl.
590 3482 699 3560 νὸίννν,
723 3477 762 3539 de
786 3477 902 3562 quibus
922 3479 988 3560 jam
1013 3490 1098 3540 ante.

451 3579 602 3658 Quaedam
632 3581 664 3643 in
688 3601 705 3645 s
728 3579 818 3644 finita
841 3583 984 3644 vocalem
1008 3581 1200 3644 nominativi
1223 3581 1395 3666 singularis
1419 3592 1544 3642 mutant
1568 3579 1621 3642 vel

360 3685 382 3749 d
404 3683 436 3746 in
460 3688 492 3766 ci,
514 3699 550 3747 ut
570 3686 665 3767 pride,
689 3686 731 3770 pl.
753 3691 853 3768 ydem
875 3708 897 3750 νν
919 3687 953 3750 in
976 3691 1003 3764 o,
1028 3699 1181 3762 utronno,
1199 3686 1242 3770 pl.
1259 3690 1363 3763 ondam
1381 3685 1464 3762 lorus,
1481 3684 1524 3768 pl.
1542 3684 1619 3748 ides.

838 3972 950 4050 Quinta
973 3971 1143 4040 Denliuatio

799 4144 946 4211 Formae
980 4148 1198 4212 Absolutae.

446 4321 655 4407 Neutrorum,
669 4319 885 4385 desinentium
911 4323 942 4385 in
968 4345 1191 4408 quameunque
1215 4321 1371 4396 vocalem,
1384 4321 1618 4386 nominativum
1682 4361 1686 4372 .

357 4429 514 4513 pluralem
541 4427 756 4500 formandum,
771 4426 896 4509 adjecto
920 4440 1045 4489 tanturn
1069 4449 1092 4492 νν
1115 4427 1153 4489 ad
1170 4426 1405 4490 nominativum
1422 4426 1617 4511 singularem

357 4532 434 4612 (vid.
459 4554 528 4616 sup.
554 4553 626 4616 pag.
651 4533 717 4604 47).
763 4530 926 4594 Desinunt
949 4545 1056 4594 autem
1080 4532 1113 4594 in
1137 4554 1158 4596 a
1181 4553 1197 4596 e
1219 4533 1245 4614 ij
1268 4553 1285 4596 o
1309 4533 1330 4596 d
1352 4535 1374 4595 d
1396 4535 1428 4609 d,
1449 4553 1523 4594 nam
1548 4532 1580 4594 in
1596 4552 1619 4596 u

357 4647 390 4698 et
409 4656 431 4722 y
454 4635 579 4698 nullum
601 4647 751 4696 neutrum
777 4633 971 4698 declinabile
995 4647 1095 4700 extat.
