<?xml version="1.0" encoding="UTF-8"?>
<!DOCTYPE html PUBLIC "-//W3C//DTD XHTML 1.0 Transitional//EN"
    "http://www.w3.org/TR/xhtml1/DTD/xhtml1-transitional.dtd">
<html xmlns="http://www.w3.org/1999/xhtml" xml:lang="en" lang="en">
 <head>
  <title>
</title>
<meta http-equiv="Content-Type" content="text/html;charset=utf-8" />
  <meta name='ocr-system' content='tesseract 3.04.00' />
  <meta name='ocr-capabilities' content='ocr_page ocr_carea ocr_par ocr_line ocrx_word'/>
</head>
<body>
  <div class='ocr_page' id='page_1' title='image "./grammaticaesvec00aurigoog_0094.png"; bbox 0 0 3648 5696; ppageno 0'>
   <div class='ocr_carea' id='block_1_1' title="bbox 483 535 1451 617">
    <p class='ocr_par' dir='ltr' id='par_1_1' title="bbox 483 535 1451 617">
     <span class='ocr_line' id='line_1_1' title="bbox 483 535 1451 617; baseline -0.004 -17"><span class='ocrx_word' id='word_1_1' title='bbox 483 541 615 601; x_wconf 82' lang='lat' dir='ltr'>Secunda</span> <span class='ocrx_word' id='word_1_2' title='bbox 638 539 806 600; x_wconf 86' lang='lat' dir='ltr'>Declinatio</span> <span class='ocrx_word' id='word_1_3' title='bbox 830 538 942 598; x_wconf 83' lang='lat' dir='ltr'>Formae</span> <span class='ocrx_word' id='word_1_4' title='bbox 966 537 1159 617; x_wconf 77' lang='lat' dir='ltr'>Respectivfe.</span> <span class='ocrx_word' id='word_1_5' title='bbox 1411 535 1451 596; x_wconf 89' lang='grc'>83</span> 
     </span>
    </p>
   </div>
   <div class='ocr_carea' id='block_1_2' title="bbox 192 723 1450 1019">
    <p class='ocr_par' dir='ltr' id='par_1_2' title="bbox 192 723 1450 1019">
     <span class='ocr_line' id='line_1_2' title="bbox 277 723 1450 813; baseline -0.003 -24"><span class='ocrx_word' id='word_1_6' title='bbox 277 727 354 790; x_wconf 90' lang='lat' dir='ltr'>ldeo</span> <span class='ocrx_word' id='word_1_7' title='bbox 379 728 575 813; x_wconf 80' lang='lat' dir='ltr'>prolixitatis</span> <span class='ocrx_word' id='word_1_8' title='bbox 599 727 705 790; x_wconf 87' lang='lat' dir='ltr'>nimiae</span> <span class='ocrx_word' id='word_1_9' title='bbox 729 725 867 788; x_wconf 83' lang='lat' dir='ltr'>vitandae</span> <span class='ocrx_word' id='word_1_10' title='bbox 892 747 986 787; x_wconf 89' lang='lat' dir='ltr'>causa</span> <span class='ocrx_word' id='word_1_11' title='bbox 1021 747 1084 786; x_wconf 91' lang='lat' dir='ltr'>non</span> <span class='ocrx_word' id='word_1_12' title='bbox 1109 723 1216 786; x_wconf 88' lang='lat' dir='ltr'>omnia</span> <span class='ocrx_word' id='word_1_13' title='bbox 1240 725 1390 809; x_wconf 86' lang='lat' dir='ltr'>exempla</span> <span class='ocrx_word' id='word_1_14' title='bbox 1418 724 1450 786; x_wconf 94' lang='lat' dir='ltr'>in</span> 
     </span>
     <span class='ocr_line' id='line_1_3' title="bbox 192 827 1449 914; baseline -0.003 -20"><span class='ocrx_word' id='word_1_15' title='bbox 192 832 339 894; x_wconf 88' lang='lat' dir='ltr'>absoluta</span> <span class='ocrx_word' id='word_1_16' title='bbox 373 831 589 894; x_wconf 83' lang='lat' dir='ltr'>declinatione</span> <span class='ocrx_word' id='word_1_17' title='bbox 625 831 774 914; x_wconf 86' lang='lat' dir='ltr'>exposita</span> <span class='ocrx_word' id='word_1_18' title='bbox 807 828 859 890; x_wconf 94' lang='lat' dir='ltr'>hic</span> <span class='ocrx_word' id='word_1_19' title='bbox 894 827 999 899; x_wconf 86' lang='lat' dir='ltr'>trado;</span> <span class='ocrx_word' id='word_1_20' title='bbox 1034 827 1089 889; x_wconf 88' lang='lat' dir='ltr'>sed</span> <span class='ocrx_word' id='word_1_21' title='bbox 1126 849 1163 890; x_wconf 89' lang='lat' dir='ltr'>ea</span> <span class='ocrx_word' id='word_1_22' title='bbox 1186 828 1290 890; x_wconf 85' lang='lat' dir='ltr'>solum</span> <span class='ocrx_word' id='word_1_23' title='bbox 1315 851 1449 912; x_wconf 91' lang='lat' dir='ltr'>quorum</span> 
     </span>
     <span class='ocr_line' id='line_1_4' title="bbox 192 933 1016 1019; baseline -0.007 -21"><span class='ocrx_word' id='word_1_24' title='bbox 192 935 377 998; x_wconf 84' lang='lat' dir='ltr'>terminatio</span> <span class='ocrx_word' id='word_1_25' title='bbox 402 933 567 997; x_wconf 86' lang='lat' dir='ltr'>femininis</span> <span class='ocrx_word' id='word_1_26' title='bbox 592 934 722 1019; x_wconf 86' lang='lat' dir='ltr'>propria</span> <span class='ocrx_word' id='word_1_27' title='bbox 746 946 805 1011; x_wconf 88' lang='lat' dir='ltr'>est,</span> <span class='ocrx_word' id='word_1_28' title='bbox 832 945 866 994; x_wconf 88' lang='lat' dir='ltr'>ut</span> <span class='ocrx_word' id='word_1_29' title='bbox 890 953 911 996; x_wconf 82' lang='lat' dir='ltr'>u</span> <span class='ocrx_word' id='word_1_30' title='bbox 935 945 965 992; x_wconf 83' lang='lat' dir='ltr'>et</span> <span class='ocrx_word' id='word_1_31' title='bbox 990 935 1016 995; x_wconf 81' lang='grc' dir='ltr'>ὅ.</span> 
     </span>
    </p>
   </div>
   <div class='ocr_carea' id='block_1_3' title="bbox 265 1121 1415 1297">
    <p class='ocr_par' dir='ltr' id='par_1_3' title="bbox 265 1121 1415 1297">
     <span class='ocr_line' id='line_1_5' title="bbox 282 1121 1094 1188; baseline -0.004 -1"><span class='ocrx_word' id='word_1_32' title='bbox 282 1125 319 1187; x_wconf 92' lang='lat' dir='ltr'>In</span> <span class='ocrx_word' id='word_1_33' title='bbox 346 1145 376 1188; x_wconf 78' lang='lat' dir='ltr'>a.</span> <span class='ocrx_word' id='word_1_34' title='bbox 1008 1121 1045 1184; x_wconf 93' lang='lat' dir='ltr'>ln</span> <span class='ocrx_word' id='word_1_35' title='bbox 1069 1127 1094 1187; x_wconf 83' lang='grc' dir='ltr'>ὃ.</span> 
     </span>
     <span class='ocr_line' id='line_1_6' title="bbox 265 1223 1415 1297; baseline 0 -19"><span class='ocrx_word' id='word_1_36' title='bbox 265 1225 356 1279; x_wconf 82' lang='lat' dir='ltr'>Flerio</span> <span class='ocrx_word' id='word_1_37' title='bbox 375 1227 522 1297; x_wconf 80' lang='lat' dir='ltr'>Antiquior.</span> <span class='ocrx_word' id='word_1_38' title='bbox 669 1227 817 1280; x_wconf 84' lang='lat' dir='ltr'>Recentior.</span> <span class='ocrx_word' id='word_1_39' title='bbox 922 1225 1012 1278; x_wconf 79' lang='lat' dir='ltr'>Florio</span> <span class='ocrx_word' id='word_1_40' title='bbox 1041 1223 1189 1292; x_wconf 77' lang='lat' dir='ltr'>Antiquior.</span> <span class='ocrx_word' id='word_1_41' title='bbox 1265 1223 1415 1278; x_wconf 85' lang='lat' dir='ltr'>Recentior.</span> 
     </span>
    </p>
   </div>
   <div class='ocr_carea' id='block_1_4' title="bbox 196 1312 1409 1788">
    <p class='ocr_par' dir='ltr' id='par_1_4' title="bbox 196 1312 1409 1788">
     <span class='ocr_line' id='line_1_7' title="bbox 284 1312 1096 1398; baseline -0.002 -22"><span class='ocrx_word' id='word_1_42' title='bbox 284 1312 371 1398; x_wconf 83' lang='lat' dir='ltr'>Sing.</span> <span class='ocrx_word' id='word_1_43' title='bbox 643 1330 650 1344; x_wconf 91' lang='grc'><em>·</em></span> <span class='ocrx_word' id='word_1_44' title='bbox 1009 1313 1096 1394; x_wconf 80' lang='lat' dir='ltr'>Sing.</span> 
     </span>
     <span class='ocr_line' id='line_1_8' title="bbox 196 1416 1316 1508; baseline 0.001 -30"><span class='ocrx_word' id='word_1_45' title='bbox 196 1416 289 1478; x_wconf 89' lang='lat' dir='ltr'>Nom.</span> <span class='ocrx_word' id='word_1_46' title='bbox 314 1417 451 1508; x_wconf 70' lang='lat' dir='ltr'>lustrem</span> <span class='ocrx_word' id='word_1_47' title='bbox 630 1419 767 1481; x_wconf 72' lang='lat' dir='ltr'>lustrari</span> <span class='ocrx_word' id='word_1_48' title='bbox 923 1422 1014 1480; x_wconf 73' lang='lat' dir='ltr'>mida</span> <span class='ocrx_word' id='word_1_49' title='bbox 1226 1421 1316 1481; x_wconf 73' lang='lat' dir='ltr'>moda</span> 
     </span>
     <span class='ocr_line' id='line_1_9' title="bbox 198 1519 1336 1596; baseline 0.002 -16"><span class='ocrx_word' id='word_1_50' title='bbox 198 1519 278 1581; x_wconf 86' lang='lat' dir='ltr'>Gen.</span> <span class='ocrx_word' id='word_1_51' title='bbox 302 1519 467 1596; x_wconf 72' lang='lat' dir='ltr'>laustrano,</span> <span class='ocrx_word' id='word_1_52' title='bbox 491 1540 546 1582; x_wconf 78' lang='lat' dir='ltr'>nes</span> <span class='ocrx_word' id='word_1_53' title='bbox 631 1521 786 1583; x_wconf 74' lang='lat' dir='ltr'>lustrans</span> <span class='ocrx_word' id='word_1_54' title='bbox 923 1523 1030 1583; x_wconf 71' lang='lat' dir='ltr'>radias</span> <span class='ocrx_word' id='word_1_55' title='bbox 1226 1523 1336 1583; x_wconf 71' lang='lat' dir='ltr'>aridas</span> 
     </span>
     <span class='ocr_line' id='line_1_10' title="bbox 199 1621 1407 1702; baseline 0.001 -19"><span class='ocrx_word' id='word_1_56' title='bbox 199 1621 281 1696; x_wconf 72' lang='lat' dir='ltr'>Dat..</span> <span class='ocrx_word' id='word_1_57' title='bbox 307 1622 382 1684; x_wconf 88' lang='lat' dir='ltr'>Abl.</span> <span class='ocrx_word' id='word_1_58' title='bbox 408 1623 562 1686; x_wconf 72' lang='lat' dir='ltr'>lustrante</span> <span class='ocrx_word' id='word_1_59' title='bbox 632 1623 702 1685; x_wconf 90' lang='lat' dir='ltr'>sim.</span> <span class='ocrx_word' id='word_1_60' title='bbox 728 1645 811 1684; x_wconf 89' lang='lat' dir='ltr'>nom.</span> <span class='ocrx_word' id='word_1_61' title='bbox 923 1627 1012 1687; x_wconf 76' lang='lat' dir='ltr'>tudae</span> <span class='ocrx_word' id='word_1_62' title='bbox 1135 1698 1137 1702; x_wconf 18' lang='grc' dir='ltr'>Ι</span> <span class='ocrx_word' id='word_1_63' title='bbox 1228 1621 1297 1683; x_wconf 89' lang='lat' dir='ltr'>sim.</span> <span class='ocrx_word' id='word_1_64' title='bbox 1323 1645 1407 1684; x_wconf 92' lang='lat' dir='ltr'>nom.</span> 
     </span>
     <span class='ocr_line' id='line_1_11' title="bbox 198 1724 1409 1788; baseline 0 -2"><span class='ocrx_word' id='word_1_65' title='bbox 198 1727 315 1786; x_wconf 86' lang='lat' dir='ltr'>Aecus.</span> <span class='ocrx_word' id='word_1_66' title='bbox 341 1725 410 1786; x_wconf 88' lang='lat' dir='ltr'>sim.</span> <span class='ocrx_word' id='word_1_67' title='bbox 436 1746 520 1786; x_wconf 90' lang='lat' dir='ltr'>nom.</span> <span class='ocrx_word' id='word_1_68' title='bbox 633 1727 702 1788; x_wconf 85' lang='lat' dir='ltr'>sim.</span> <span class='ocrx_word' id='word_1_69' title='bbox 728 1747 812 1786; x_wconf 90' lang='lat' dir='ltr'>nom.</span> <span class='ocrx_word' id='word_1_70' title='bbox 924 1724 993 1786; x_wconf 89' lang='lat' dir='ltr'>sim.</span> <span class='ocrx_word' id='word_1_71' title='bbox 1020 1746 1102 1786; x_wconf 86' lang='lat' dir='ltr'>nom.</span> <span class='ocrx_word' id='word_1_72' title='bbox 1228 1724 1297 1786; x_wconf 90' lang='lat' dir='ltr'>sim.</span> <span class='ocrx_word' id='word_1_73' title='bbox 1323 1747 1409 1786; x_wconf 91' lang='lat' dir='ltr'>nom.</span> 
     </span>
    </p>
   </div>
   <div class='ocr_carea' id='block_1_5' title="bbox 286 1845 1097 1910">
    <p class='ocr_par' dir='ltr' id='par_1_5' title="bbox 286 1845 1097 1910">
     <span class='ocr_line' id='line_1_12' title="bbox 286 1845 1097 1910; baseline 0 -3"><span class='ocrx_word' id='word_1_74' title='bbox 286 1845 371 1908; x_wconf 70' lang='lat' dir='ltr'>Pmu</span> <span class='ocrx_word' id='word_1_75' title='bbox 1011 1845 1097 1910; x_wconf 64' lang='lat' dir='ltr'>Pmu</span> 
     </span>
    </p>
   </div>
   <div class='ocr_carea' id='block_1_6' title="bbox 199 1947 1411 2321">
    <p class='ocr_par' dir='ltr' id='par_1_6' title="bbox 199 1947 1411 2321">
     <span class='ocr_line' id='line_1_13' title="bbox 199 1947 1355 2016; baseline 0.003 -6"><span class='ocrx_word' id='word_1_76' title='bbox 199 1947 294 2010; x_wconf 89' lang='lat' dir='ltr'>Nom.</span> <span class='ocrx_word' id='word_1_77' title='bbox 317 1949 496 2012; x_wconf 68' lang='lat' dir='ltr'>taciturna</span> <span class='ocrx_word' id='word_1_78' title='bbox 632 1953 806 2016; x_wconf 71' lang='lat' dir='ltr'>lustratae</span> <span class='ocrx_word' id='word_1_79' title='bbox 925 1953 1057 2012; x_wconf 73' lang='lat' dir='ltr'>mitrae</span> <span class='ocrx_word' id='word_1_80' title='bbox 1229 1953 1355 2013; x_wconf 73' lang='lat' dir='ltr'>mitrae</span> 
     </span>
     <span class='ocr_line' id='line_1_14' title="bbox 199 2049 1374 2119; baseline 0.003 -7"><span class='ocrx_word' id='word_1_81' title='bbox 199 2049 279 2113; x_wconf 89' lang='lat' dir='ltr'>Gen.</span> <span class='ocrx_word' id='word_1_82' title='bbox 304 2051 483 2116; x_wconf 67' lang='lat' dir='ltr'>Auamma</span> <span class='ocrx_word' id='word_1_83' title='bbox 633 2056 822 2119; x_wconf 71' lang='lat' dir='ltr'>hostrorum</span> <span class='ocrx_word' id='word_1_84' title='bbox 926 2057 1076 2116; x_wconf 73' lang='lat' dir='ltr'>mitreus</span> <span class='ocrx_word' id='word_1_85' title='bbox 1229 2057 1374 2116; x_wconf 65' lang='lat' dir='ltr'>mturare</span> 
     </span>
     <span class='ocr_line' id='line_1_15' title="bbox 203 2153 1411 2238; baseline -0.001 -22"><span class='ocrx_word' id='word_1_86' title='bbox 203 2154 275 2216; x_wconf 88' lang='lat' dir='ltr'>Dat.</span> <span class='ocrx_word' id='word_1_87' title='bbox 300 2153 375 2216; x_wconf 89' lang='lat' dir='ltr'>Abl.</span> <span class='ocrx_word' id='word_1_88' title='bbox 392 2154 418 2236; x_wconf 85' lang='lat'>¹)</span> <span class='ocrx_word' id='word_1_89' title='bbox 635 2157 706 2219; x_wconf 88' lang='lat' dir='ltr'>sim.</span> <span class='ocrx_word' id='word_1_90' title='bbox 730 2179 815 2218; x_wconf 88' lang='lat' dir='ltr'>nom.</span> <span class='ocrx_word' id='word_1_91' title='bbox 931 2157 958 2238; x_wconf 87' lang='lat'>¹)</span> <span class='ocrx_word' id='word_1_92' title='bbox 1231 2154 1302 2218; x_wconf 87' lang='lat' dir='ltr'>sim.</span> <span class='ocrx_word' id='word_1_93' title='bbox 1326 2176 1411 2216; x_wconf 92' lang='lat' dir='ltr'>nom.</span> 
     </span>
     <span class='ocr_line' id='line_1_16' title="bbox 201 2256 1410 2321; baseline 0 -3"><span class='ocrx_word' id='word_1_94' title='bbox 201 2258 279 2318; x_wconf 90' lang='lat' dir='ltr'>Acc.</span> <span class='ocrx_word' id='word_1_95' title='bbox 305 2256 375 2318; x_wconf 88' lang='lat' dir='ltr'>sim.</span> <span class='ocrx_word' id='word_1_96' title='bbox 400 2279 484 2317; x_wconf 93' lang='lat' dir='ltr'>nom.</span> <span class='ocrx_word' id='word_1_97' title='bbox 635 2258 705 2321; x_wconf 85' lang='lat' dir='ltr'>sim.</span> <span class='ocrx_word' id='word_1_98' title='bbox 730 2280 815 2320; x_wconf 89' lang='lat' dir='ltr'>nom.</span> <span class='ocrx_word' id='word_1_99' title='bbox 927 2259 998 2321; x_wconf 90' lang='lat' dir='ltr'>sim.</span> <span class='ocrx_word' id='word_1_100' title='bbox 1024 2281 1108 2320; x_wconf 90' lang='lat' dir='ltr'>nom.</span> <span class='ocrx_word' id='word_1_101' title='bbox 1232 2257 1301 2319; x_wconf 90' lang='lat' dir='ltr'>sim.</span> <span class='ocrx_word' id='word_1_102' title='bbox 1324 2279 1410 2318; x_wconf 93' lang='lat' dir='ltr'>nom.</span> 
     </span>
    </p>
   </div>
   <div class='ocr_carea' id='block_1_7' title="bbox 200 2411 1462 2703">
    <p class='ocr_par' dir='ltr' id='par_1_7' title="bbox 200 2411 1462 2703">
     <span class='ocr_line' id='line_1_17' title="bbox 207 2411 1462 2498; baseline 0.002 -24"><span class='ocrx_word' id='word_1_103' title='bbox 207 2411 213 2426; x_wconf 88' lang='lat'>&#39;</span> <span class='ocrx_word' id='word_1_104' title='bbox 286 2411 354 2474; x_wconf 90' lang='lat' dir='ltr'>NB.</span> <span class='ocrx_word' id='word_1_105' title='bbox 400 2411 573 2474; x_wconf 86' lang='lat' dir='ltr'>Recentior</span> <span class='ocrx_word' id='word_1_106' title='bbox 596 2413 694 2475; x_wconf 87' lang='lat' dir='ltr'>flexio</span> <span class='ocrx_word' id='word_1_107' title='bbox 720 2414 751 2474; x_wconf 90' lang='lat' dir='ltr'>in</span> <span class='ocrx_word' id='word_1_108' title='bbox 777 2415 902 2498; x_wconf 80' lang='lat' dir='ltr'>vulgari</span> <span class='ocrx_word' id='word_1_109' title='bbox 926 2438 1083 2496; x_wconf 86' lang='lat' dir='ltr'>sermone,</span> <span class='ocrx_word' id='word_1_110' title='bbox 1108 2437 1165 2498; x_wconf 93' lang='lat' dir='ltr'>pro</span> <span class='ocrx_word' id='word_1_111' title='bbox 1188 2414 1360 2478; x_wconf 65' lang='lat' dir='ltr'>haccitanae</span> <span class='ocrx_word' id='word_1_112' title='bbox 1383 2413 1462 2476; x_wconf 86' lang='lat' dir='ltr'>dicit</span> 
     </span>
     <span class='ocr_line' id='line_1_18' title="bbox 200 2516 1462 2602; baseline 0.002 -22"><span class='ocrx_word' id='word_1_113' title='bbox 200 2517 363 2591; x_wconf 70' lang='lat' dir='ltr'>lustratae,</span> <span class='ocrx_word' id='word_1_114' title='bbox 389 2529 420 2577; x_wconf 89' lang='lat' dir='ltr'>et</span> <span class='ocrx_word' id='word_1_115' title='bbox 444 2516 475 2576; x_wconf 91' lang='lat' dir='ltr'>in</span> <span class='ocrx_word' id='word_1_116' title='bbox 499 2537 573 2599; x_wconf 83' lang='lat' dir='ltr'>gen.</span> <span class='ocrx_word' id='word_1_117' title='bbox 596 2517 766 2581; x_wconf 69' lang='lat' dir='ltr'>licostratos</span> <span class='ocrx_word' id='word_1_118' title='bbox 774 2537 786 2596; x_wconf 92' lang='lat'><em>;</em></span> <span class='ocrx_word' id='word_1_119' title='bbox 811 2541 868 2602; x_wconf 91' lang='lat' dir='ltr'>pro</span> <span class='ocrx_word' id='word_1_120' title='bbox 891 2525 1028 2594; x_wconf 70' lang='lat' dir='ltr'>natiuae,</span> <span class='ocrx_word' id='word_1_121' title='bbox 1052 2518 1132 2580; x_wconf 90' lang='lat' dir='ltr'>dicit</span> <span class='ocrx_word' id='word_1_122' title='bbox 1146 2524 1263 2593; x_wconf 71' lang='lat' dir='ltr'>uittae,</span> <span class='ocrx_word' id='word_1_123' title='bbox 1287 2541 1360 2602; x_wconf 85' lang='lat' dir='ltr'>gen.</span> <span class='ocrx_word' id='word_1_124' title='bbox 1378 2521 1462 2582; x_wconf 75' lang='lat' dir='ltr'>radd-</span> 
     </span>
     <span class='ocr_line' id='line_1_19' title="bbox 201 2619 893 2703; baseline 0.001 -20"><span class='ocrx_word' id='word_1_125' title='bbox 201 2640 266 2683; x_wconf 63' lang='grc' dir='ltr'>ηαδ.</span> <span class='ocrx_word' id='word_1_126' title='bbox 314 2621 423 2703; x_wconf 87' lang='lat' dir='ltr'>Atque</span> <span class='ocrx_word' id='word_1_127' title='bbox 448 2619 494 2681; x_wconf 89' lang='lat' dir='ltr'>sic</span> <span class='ocrx_word' id='word_1_128' title='bbox 517 2619 549 2680; x_wconf 88' lang='lat' dir='ltr'>in</span> <span class='ocrx_word' id='word_1_129' title='bbox 575 2621 699 2682; x_wconf 86' lang='lat' dir='ltr'>caeteris</span> <span class='ocrx_word' id='word_1_130' title='bbox 724 2620 893 2686; x_wconf 85' lang='lat' dir='ltr'>similibus.</span> 
     </span>
    </p>
   </div>
   <div class='ocr_carea' id='block_1_8' title="bbox 666 2897 1001 2963">
    <p class='ocr_par' dir='ltr' id='par_1_8' title="bbox 666 2897 1001 2963">
     <span class='ocr_line' id='line_1_20' title="bbox 666 2897 1001 2963; baseline 0.009 -4"><span class='ocrx_word' id='word_1_131' title='bbox 666 2897 808 2960; x_wconf 83' lang='lat' dir='ltr'>Secunda</span> <span class='ocrx_word' id='word_1_132' title='bbox 832 2900 1001 2963; x_wconf 82' lang='lat' dir='ltr'>Declinatio</span> 
     </span>
    </p>
   </div>
   <div class='ocr_carea' id='block_1_9' title="bbox 618 3051 1052 3136">
    <p class='ocr_par' dir='ltr' id='par_1_9' title="bbox 618 3051 1052 3136">
     <span class='ocr_line' id='line_1_21' title="bbox 618 3051 1052 3136; baseline 0.009 -24"><span class='ocrx_word' id='word_1_133' title='bbox 618 3051 766 3114; x_wconf 84' lang='lat' dir='ltr'>Formae</span> <span class='ocrx_word' id='word_1_134' title='bbox 790 3051 1052 3136; x_wconf 84' lang='lat' dir='ltr'>Respectivae.</span> 
     </span>
    </p>
   </div>
   <div class='ocr_carea' id='block_1_10' title="bbox 206 3206 1466 3376">
    <p class='ocr_par' dir='ltr' id='par_1_10' title="bbox 206 3206 1466 3376">
     <span class='ocr_line' id='line_1_22' title="bbox 291 3206 1466 3291; baseline -0.001 -22"><span class='ocrx_word' id='word_1_135' title='bbox 291 3207 351 3270; x_wconf 81' lang='lat' dir='ltr'>Est</span> <span class='ocrx_word' id='word_1_136' title='bbox 374 3207 555 3291; x_wconf 85' lang='lat' dir='ltr'>respectiva</span> <span class='ocrx_word' id='word_1_137' title='bbox 578 3206 712 3270; x_wconf 85' lang='lat' dir='ltr'>inflexio</span> <span class='ocrx_word' id='word_1_138' title='bbox 736 3209 902 3270; x_wconf 87' lang='lat' dir='ltr'>nominum</span> <span class='ocrx_word' id='word_1_139' title='bbox 926 3209 1157 3272; x_wconf 88' lang='lat' dir='ltr'>femininorum</span> <span class='ocrx_word' id='word_1_140' title='bbox 1176 3220 1300 3271; x_wconf 90' lang='lat' dir='ltr'>tantum</span> <span class='ocrx_word' id='word_1_141' title='bbox 1318 3207 1466 3270; x_wconf 86' lang='lat' dir='ltr'>secundae</span> 
     </span>
     <span class='ocr_line' id='line_1_23' title="bbox 206 3308 961 3376; baseline 0.005 -4"><span class='ocrx_word' id='word_1_142' title='bbox 206 3309 432 3372; x_wconf 82' lang='lat' dir='ltr'>declinationis</span> <span class='ocrx_word' id='word_1_143' title='bbox 456 3308 609 3372; x_wconf 85' lang='lat' dir='ltr'>absolutae</span> <span class='ocrx_word' id='word_1_144' title='bbox 633 3311 850 3374; x_wconf 90' lang='lat' dir='ltr'>desinentium</span> <span class='ocrx_word' id='word_1_145' title='bbox 874 3311 908 3373; x_wconf 92' lang='lat' dir='ltr'>in</span> <span class='ocrx_word' id='word_1_146' title='bbox 931 3334 961 3376; x_wconf 79' lang='lat' dir='ltr'>a.</span> 
     </span>
    </p>
   </div>
   <div class='ocr_carea' id='block_1_11' title="bbox 205 3413 1474 4748">
    <p class='ocr_par' dir='ltr' id='par_1_11' title="bbox 293 3413 1423 3500">
     <span class='ocr_line' id='line_1_24' title="bbox 293 3413 1423 3500; baseline 0.001 -24"><span class='ocrx_word' id='word_1_147' title='bbox 293 3413 518 3476; x_wconf 86' lang='lat' dir='ltr'>Nominativus</span> <span class='ocrx_word' id='word_1_148' title='bbox 542 3413 623 3498; x_wconf 85' lang='lat' dir='ltr'>sing.</span> <span class='ocrx_word' id='word_1_149' title='bbox 647 3413 736 3477; x_wconf 88' lang='lat' dir='ltr'>addit</span> <span class='ocrx_word' id='word_1_150' title='bbox 760 3427 883 3477; x_wconf 90' lang='lat' dir='ltr'>tantum</span> <span class='ocrx_word' id='word_1_151' title='bbox 906 3437 929 3480; x_wconf 79' lang='lat' dir='ltr'>a</span> <span class='ocrx_word' id='word_1_152' title='bbox 952 3416 990 3478; x_wconf 91' lang='lat' dir='ltr'>ad</span> <span class='ocrx_word' id='word_1_153' title='bbox 1014 3439 1098 3479; x_wconf 92' lang='lat' dir='ltr'>nom.</span> <span class='ocrx_word' id='word_1_154' title='bbox 1124 3415 1205 3500; x_wconf 86' lang='lat' dir='ltr'>sing.</span> <span class='ocrx_word' id='word_1_155' title='bbox 1231 3415 1423 3478; x_wconf 88' lang='lat' dir='ltr'>absolutum.</span> 
     </span>
    </p>

    <p class='ocr_par' dir='ltr' id='par_1_12' title="bbox 209 3515 1469 3708">
     <span class='ocr_line' id='line_1_25' title="bbox 294 3515 1469 3604; baseline 0.003 -26"><span class='ocrx_word' id='word_1_156' title='bbox 294 3515 463 3579; x_wconf 86' lang='lat' dir='ltr'>Genitivus</span> <span class='ocrx_word' id='word_1_157' title='bbox 488 3517 569 3602; x_wconf 83' lang='lat' dir='ltr'>sing.</span> <span class='ocrx_word' id='word_1_158' title='bbox 593 3517 785 3602; x_wconf 83' lang='lat' dir='ltr'>regulariter</span> <span class='ocrx_word' id='word_1_159' title='bbox 808 3517 898 3580; x_wconf 88' lang='lat' dir='ltr'>addit</span> <span class='ocrx_word' id='word_1_160' title='bbox 920 3531 1044 3582; x_wconf 86' lang='lat' dir='ltr'>tantum</span> <span class='ocrx_word' id='word_1_161' title='bbox 1067 3541 1084 3583; x_wconf 86' lang='lat' dir='ltr'>s</span> <span class='ocrx_word' id='word_1_162' title='bbox 1108 3519 1146 3583; x_wconf 88' lang='lat' dir='ltr'>ad</span> <span class='ocrx_word' id='word_1_163' title='bbox 1170 3542 1256 3582; x_wconf 91' lang='lat' dir='ltr'>nom.</span> <span class='ocrx_word' id='word_1_164' title='bbox 1275 3519 1356 3604; x_wconf 88' lang='lat' dir='ltr'>sing.</span> <span class='ocrx_word' id='word_1_165' title='bbox 1374 3518 1469 3603; x_wconf 88' lang='lat' dir='ltr'>hujus</span> 
     </span>
     <span class='ocr_line' id='line_1_26' title="bbox 209 3619 1291 3708; baseline 0.005 -27"><span class='ocrx_word' id='word_1_166' title='bbox 209 3620 329 3685; x_wconf 86' lang='lat' dir='ltr'>formae.</span> <span class='ocrx_word' id='word_1_167' title='bbox 377 3619 440 3683; x_wconf 89' lang='lat' dir='ltr'>Sed</span> <span class='ocrx_word' id='word_1_168' title='bbox 466 3621 560 3682; x_wconf 88' lang='lat' dir='ltr'>aliter</span> <span class='ocrx_word' id='word_1_169' title='bbox 583 3621 679 3684; x_wconf 85' lang='lat' dir='ltr'>etiam</span> <span class='ocrx_word' id='word_1_170' title='bbox 704 3621 870 3697; x_wconf 77' lang='lat' dir='ltr'>formatur,</span> <span class='ocrx_word' id='word_1_171' title='bbox 897 3622 937 3684; x_wconf 89' lang='lat' dir='ltr'>de</span> <span class='ocrx_word' id='word_1_172' title='bbox 962 3645 1025 3707; x_wconf 90' lang='lat' dir='ltr'>quo</span> <span class='ocrx_word' id='word_1_173' title='bbox 1049 3645 1118 3708; x_wconf 89' lang='lat' dir='ltr'>sup.</span> <span class='ocrx_word' id='word_1_174' title='bbox 1144 3645 1216 3708; x_wconf 84' lang='lat' dir='ltr'>pag.</span> <span class='ocrx_word' id='word_1_175' title='bbox 1242 3624 1291 3687; x_wconf 83' lang='lat'>73.</span> 
     </span>
    </p>

    <p class='ocr_par' dir='ltr' id='par_1_13' title="bbox 205 3725 1471 4020">
     <span class='ocr_line' id='line_1_27' title="bbox 295 3725 1471 3811; baseline 0.004 -25"><span class='ocrx_word' id='word_1_176' title='bbox 295 3725 431 3787; x_wconf 91' lang='lat' dir='ltr'>Dativus</span> <span class='ocrx_word' id='word_1_177' title='bbox 467 3739 499 3786; x_wconf 88' lang='lat' dir='ltr'>et</span> <span class='ocrx_word' id='word_1_178' title='bbox 535 3725 611 3789; x_wconf 89' lang='lat' dir='ltr'>Abl.</span> <span class='ocrx_word' id='word_1_179' title='bbox 646 3725 728 3809; x_wconf 92' lang='lat' dir='ltr'>sing.</span> <span class='ocrx_word' id='word_1_180' title='bbox 763 3737 799 3788; x_wconf 87' lang='lat' dir='ltr'>ut</span> <span class='ocrx_word' id='word_1_181' title='bbox 827 3725 859 3788; x_wconf 86' lang='lat' dir='ltr'>in</span> <span class='ocrx_word' id='word_1_182' title='bbox 885 3726 991 3811; x_wconf 89' lang='lat' dir='ltr'>priore</span> <span class='ocrx_word' id='word_1_183' title='bbox 1016 3726 1232 3790; x_wconf 84' lang='lat' dir='ltr'>declinatione</span> <span class='ocrx_word' id='word_1_184' title='bbox 1257 3726 1377 3789; x_wconf 88' lang='lat' dir='ltr'>desinit</span> <span class='ocrx_word' id='word_1_185' title='bbox 1400 3727 1471 3791; x_wconf 83' lang='lat' dir='ltr'>ine</span> 
     </span>
     <span class='ocr_line' id='line_1_28' title="bbox 205 3828 1471 3914; baseline 0.002 -22"><span class='ocrx_word' id='word_1_186' title='bbox 205 3831 301 3914; x_wconf 86' lang='lat' dir='ltr'>juxta</span> <span class='ocrx_word' id='word_1_187' title='bbox 323 3828 498 3892; x_wconf 87' lang='lat' dir='ltr'>flexionem</span> <span class='ocrx_word' id='word_1_188' title='bbox 519 3829 628 3914; x_wconf 65' lang='lat' dir='ltr'>antiq„</span> <span class='ocrx_word' id='word_1_189' title='bbox 648 3831 744 3913; x_wconf 87' lang='lat' dir='ltr'>juxta</span> <span class='ocrx_word' id='word_1_190' title='bbox 767 3830 979 3894; x_wconf 89' lang='lat' dir='ltr'>recent-iorem</span> <span class='ocrx_word' id='word_1_191' title='bbox 1004 3843 1053 3894; x_wconf 87' lang='lat' dir='ltr'>est</span> <span class='ocrx_word' id='word_1_192' title='bbox 1076 3831 1146 3896; x_wconf 87' lang='lat' dir='ltr'>sim.</span> <span class='ocrx_word' id='word_1_193' title='bbox 1169 3853 1255 3896; x_wconf 91' lang='lat' dir='ltr'>nom.</span> <span class='ocrx_word' id='word_1_194' title='bbox 1302 3831 1471 3910; x_wconf 72' lang='lat' dir='ltr'>Quomodo</span> 
     </span>
     <span class='ocr_line' id='line_1_29' title="bbox 211 3933 863 4020; baseline 0.002 -23"><span class='ocrx_word' id='word_1_195' title='bbox 211 3947 319 3998; x_wconf 88' lang='lat' dir='ltr'>autem</span> <span class='ocrx_word' id='word_1_196' title='bbox 343 3933 512 4009; x_wconf 84' lang='lat' dir='ltr'>formetur,</span> <span class='ocrx_word' id='word_1_197' title='bbox 528 3933 593 3998; x_wconf 92' lang='lat' dir='ltr'>vid.</span> <span class='ocrx_word' id='word_1_198' title='bbox 619 3957 689 4020; x_wconf 91' lang='lat' dir='ltr'>sup.</span> <span class='ocrx_word' id='word_1_199' title='bbox 714 3955 787 4020; x_wconf 84' lang='lat' dir='ltr'>pag.</span> <span class='ocrx_word' id='word_1_200' title='bbox 812 3935 863 3998; x_wconf 82' lang='lat'>74.</span> 
     </span>
    </p>

    <p class='ocr_par' dir='ltr' id='par_1_14' title="bbox 299 4037 578 4102">
     <span class='ocr_line' id='line_1_30' title="bbox 299 4037 578 4102; baseline -0.007 0"><span class='ocrx_word' id='word_1_201' title='bbox 299 4037 457 4102; x_wconf 90' lang='lat' dir='ltr'>Vocativo</span> <span class='ocrx_word' id='word_1_202' title='bbox 482 4049 578 4101; x_wconf 90' lang='lat' dir='ltr'>earet.</span> 
     </span>
    </p>

    <p class='ocr_par' dir='ltr' id='par_1_15' title="bbox 213 4141 1473 4332">
     <span class='ocr_line' id='line_1_31' title="bbox 297 4141 1473 4230; baseline 0 -24"><span class='ocrx_word' id='word_1_203' title='bbox 297 4141 523 4206; x_wconf 89' lang='lat' dir='ltr'>Nominativus</span> <span class='ocrx_word' id='word_1_204' title='bbox 547 4142 631 4227; x_wconf 89' lang='lat' dir='ltr'>plur.</span> <span class='ocrx_word' id='word_1_205' title='bbox 656 4141 775 4204; x_wconf 81' lang='lat' dir='ltr'>desinit</span> <span class='ocrx_word' id='word_1_206' title='bbox 798 4163 834 4204; x_wconf 91' lang='lat' dir='ltr'>ac</span> <span class='ocrx_word' id='word_1_207' title='bbox 850 4141 1007 4206; x_wconf 86' lang='lat' dir='ltr'>formatur</span> <span class='ocrx_word' id='word_1_208' title='bbox 1024 4143 1138 4207; x_wconf 91' lang='lat' dir='ltr'>eodem</span> <span class='ocrx_word' id='word_1_209' title='bbox 1156 4145 1251 4208; x_wconf 90' lang='lat' dir='ltr'>modo</span> <span class='ocrx_word' id='word_1_210' title='bbox 1268 4157 1305 4208; x_wconf 89' lang='lat' dir='ltr'>ut</span> <span class='ocrx_word' id='word_1_211' title='bbox 1320 4143 1353 4207; x_wconf 92' lang='lat' dir='ltr'>in</span> <span class='ocrx_word' id='word_1_212' title='bbox 1371 4144 1473 4230; x_wconf 87' lang='lat' dir='ltr'>prima</span> 
     </span>
     <span class='ocr_line' id='line_1_32' title="bbox 213 4245 1299 4332; baseline 0.002 -24"><span class='ocrx_word' id='word_1_213' title='bbox 213 4245 440 4324; x_wconf 86' lang='lat' dir='ltr'>declinatione,</span> <span class='ocrx_word' id='word_1_214' title='bbox 470 4245 580 4310; x_wconf 89' lang='lat' dir='ltr'>addita</span> <span class='ocrx_word' id='word_1_215' title='bbox 603 4245 829 4308; x_wconf 88' lang='lat' dir='ltr'>terminatione</span> <span class='ocrx_word' id='word_1_216' title='bbox 853 4266 897 4310; x_wconf 81' lang='lat' dir='ltr'>aa</span> <span class='ocrx_word' id='word_1_217' title='bbox 921 4245 959 4308; x_wconf 90' lang='lat' dir='ltr'>ad</span> <span class='ocrx_word' id='word_1_218' title='bbox 984 4270 1068 4309; x_wconf 91' lang='lat' dir='ltr'>nom.</span> <span class='ocrx_word' id='word_1_219' title='bbox 1093 4248 1176 4332; x_wconf 88' lang='lat' dir='ltr'>plur.</span> <span class='ocrx_word' id='word_1_220' title='bbox 1201 4247 1299 4311; x_wconf 85' lang='lat' dir='ltr'>absol.</span> 
     </span>
    </p>

    <p class='ocr_par' dir='ltr' id='par_1_16' title="bbox 217 4349 1473 4517">
     <span class='ocr_line' id='line_1_33' title="bbox 301 4349 1473 4435; baseline -0.001 -22"><span class='ocrx_word' id='word_1_221' title='bbox 301 4349 471 4414; x_wconf 83' lang='lat' dir='ltr'>Genitivus</span> <span class='ocrx_word' id='word_1_222' title='bbox 505 4350 638 4435; x_wconf 85' lang='lat' dir='ltr'>pluralis</span> <span class='ocrx_word' id='word_1_223' title='bbox 668 4349 788 4412; x_wconf 88' lang='lat' dir='ltr'>desinit</span> <span class='ocrx_word' id='word_1_224' title='bbox 811 4362 843 4412; x_wconf 92' lang='lat' dir='ltr'>et</span> <span class='ocrx_word' id='word_1_225' title='bbox 866 4349 1032 4428; x_wconf 88' lang='lat' dir='ltr'>formatur,</span> <span class='ocrx_word' id='word_1_226' title='bbox 1057 4351 1166 4415; x_wconf 87' lang='lat' dir='ltr'>addito</span> <span class='ocrx_word' id='word_1_227' title='bbox 1190 4373 1206 4416; x_wconf 84' lang='lat' dir='ltr'>s</span> <span class='ocrx_word' id='word_1_228' title='bbox 1230 4351 1268 4414; x_wconf 91' lang='lat' dir='ltr'>ad</span> <span class='ocrx_word' id='word_1_229' title='bbox 1293 4373 1377 4413; x_wconf 88' lang='lat' dir='ltr'>nom.</span> <span class='ocrx_word' id='word_1_230' title='bbox 1403 4350 1473 4435; x_wconf 90' lang='lat' dir='ltr'>plu·</span> 
     </span>
     <span class='ocr_line' id='line_1_34' title="bbox 217 4453 327 4517; baseline -0.009 -1"><span class='ocrx_word' id='word_1_231' title='bbox 217 4453 327 4517; x_wconf 76' lang='lat' dir='ltr'>salem.</span> 
     </span>
    </p>

    <p class='ocr_par' dir='ltr' id='par_1_17' title="bbox 217 4556 1474 4748">
     <span class='ocr_line' id='line_1_35' title="bbox 304 4556 1474 4642; baseline 0.001 -24"><span class='ocrx_word' id='word_1_232' title='bbox 304 4556 438 4619; x_wconf 87' lang='lat' dir='ltr'>Dativus</span> <span class='ocrx_word' id='word_1_233' title='bbox 473 4571 506 4618; x_wconf 88' lang='lat' dir='ltr'>et</span> <span class='ocrx_word' id='word_1_234' title='bbox 540 4558 713 4620; x_wconf 88' lang='lat' dir='ltr'>Ablativus</span> <span class='ocrx_word' id='word_1_235' title='bbox 748 4557 881 4641; x_wconf 88' lang='lat' dir='ltr'>pluralis</span> <span class='ocrx_word' id='word_1_236' title='bbox 917 4557 1036 4620; x_wconf 84' lang='lat' dir='ltr'>desinit</span> <span class='ocrx_word' id='word_1_237' title='bbox 1058 4571 1094 4620; x_wconf 91' lang='lat' dir='ltr'>ut</span> <span class='ocrx_word' id='word_1_238' title='bbox 1117 4558 1149 4620; x_wconf 91' lang='lat' dir='ltr'>in</span> <span class='ocrx_word' id='word_1_239' title='bbox 1174 4557 1276 4642; x_wconf 88' lang='lat' dir='ltr'>prima</span> <span class='ocrx_word' id='word_1_240' title='bbox 1300 4556 1416 4620; x_wconf 89' lang='lat' dir='ltr'>declin.</span> <span class='ocrx_word' id='word_1_241' title='bbox 1442 4559 1474 4620; x_wconf 91' lang='lat' dir='ltr'>in</span> 
     </span>
     <span class='ocr_line' id='line_1_36' title="bbox 217 4659 1406 4748; baseline 0.002 -22"><span class='ocrx_word' id='word_1_242' title='bbox 217 4683 297 4738; x_wconf 78' lang='lat' dir='ltr'>men,</span> <span class='ocrx_word' id='word_1_243' title='bbox 323 4659 502 4746; x_wconf 88' lang='lat' dir='ltr'>eodemque</span> <span class='ocrx_word' id='word_1_244' title='bbox 528 4661 623 4724; x_wconf 91' lang='lat' dir='ltr'>modo</span> <span class='ocrx_word' id='word_1_245' title='bbox 648 4661 803 4724; x_wconf 86' lang='lat' dir='ltr'>formatur</span> <span class='ocrx_word' id='word_1_246' title='bbox 822 4663 918 4746; x_wconf 85' lang='lat' dir='ltr'>juxta</span> <span class='ocrx_word' id='word_1_247' title='bbox 941 4660 1117 4724; x_wconf 88' lang='lat' dir='ltr'>flexionem</span> <span class='ocrx_word' id='word_1_248' title='bbox 1142 4662 1209 4725; x_wconf 86' lang='lat' dir='ltr'>scil.</span> <span class='ocrx_word' id='word_1_249' title='bbox 1234 4661 1406 4748; x_wconf 87' lang='lat' dir='ltr'>antiquam.</span> 
     </span>
    </p>
   </div>
   <div class='ocr_carea' id='block_1_12' title="bbox 290 4796 810 4872">
    <p class='ocr_par' dir='ltr' id='par_1_18' title="bbox 290 4796 810 4872">
     <span class='ocr_line' id='line_1_37' title="bbox 290 4796 810 4872; baseline -0.002 -19"><span class='ocrx_word' id='word_1_250' title='bbox 290 4801 311 4870; x_wconf 90' lang='lat'>¹)</span> <span class='ocrx_word' id='word_1_251' title='bbox 332 4803 458 4853; x_wconf 85' lang='lat' dir='ltr'>Tomrum</span> <span class='ocrx_word' id='word_1_252' title='bbox 477 4803 487 4851; x_wconf 94' lang='lat' dir='ltr'>i</span> <span class='ocrx_word' id='word_1_253' title='bbox 506 4801 711 4854; x_wconf 82' lang='lat' dir='ltr'>handskriiten.</span> <span class='ocrx_word' id='word_1_254' title='bbox 752 4796 810 4872; x_wconf 65' lang='lat' dir='ltr'>Ula.</span> 
     </span>
    </p>
   </div>
   <div class='ocr_carea' id='block_1_13' title="bbox 0 0 1849 5696">
    <p class='ocr_par' dir='ltr' id='par_1_19' title="bbox 0 0 1849 5696">
     <span class='ocr_line' id='line_1_38' title="bbox 0 0 1849 5696; baseline 0 0"><span class='ocrx_word' id='word_1_255' title='bbox 0 0 1849 5696; x_wconf 95' lang='lat' dir='ltr'> </span> 
     </span>
    </p>
   </div>
  </div>
 </body>
</html>
