3674 5694
459 481 504 544 De
527 483 785 544 Declinationibus
808 482 923 544 Formae
948 485 1049 545 Absol.
1072 484 1210 546 Plurnlis.
1428 487 1469 548 47

292 673 322 732 4.
368 669 520 748 Quaedam
553 669 587 731 in
622 690 649 748 o,
683 669 876 755 interposito
911 668 1000 754 prius
1033 689 1065 745 a,
1090 669 1219 734 demum
1253 673 1470 758 rrecipiunt.

208 774 307 838 Maec.
332 786 367 835 ut
390 794 458 838 mco
480 772 582 857 (quod
612 773 690 836 alias
712 773 788 838 need
809 773 955 854 dicitur),
967 773 1049 856 plur.
1073 795 1174 851 mour,
1198 775 1249 837 vel
1273 797 1303 847 r,
1327 788 1363 838 ut
1385 777 1472 860 elec,

208 878 291 962 plur.
315 877 410 941 sloor
433 875 609 938 secundum
634 877 786 960 quasdam
812 877 977 938 dialectos.

295 980 421 1044 Femin.
446 991 482 1042 ul
505 980 590 1057 broc,
613 979 697 1064 plur.
721 981 818 1045 broar
840 979 891 1063 (et
911 1002 968 1063 per
992 975 1162 1064 syncopen
1181 981 1304 1065 broor).

296 1087 324 1148 5.
372 1084 409 1146 ln
431 1106 453 1166 y
477 1095 510 1146 et
534 1083 760 1166 &desinentia
774 1083 966 1167 interposito
982 1083 1071 1168 prius
1095 1105 1126 1167 a,
1142 1083 1304 1169 recipiunt
1319 1108 1347 1150 r.
1373 1081 1472 1150 Maec.

208 1189 267 1265 sle
301 1189 353 1251 vel
377 1187 466 1271 slew,
497 1187 578 1272 plur.
603 1186 723 1270 chyam
745 1190 821 1262 sinc,
846 1187 927 1271 plur.
952 1186 1121 1264 sa'dcr51n
1146 1209 1210 1272 quo
1233 1202 1398 1272 receptum
1425 1201 1474 1252 eat

210 1293 342 1376 insuper
375 1314 396 1374 p
431 1305 504 1352 ante
539 1312 560 1354 a
593 1290 810 1375 interponere,
846 1303 882 1352 ut
915 1293 1034 1372 sr'dqar.
1084 1289 1145 1354 Vel
1179 1313 1204 1368 e,
1228 1307 1264 1354 ut
1286 1297 1365 1367 meu,
1391 1294 1472 1378 plur.

209 1401 306 1478 mlier,
329 1395 506 1458 secundum
531 1394 684 1479 quasdam
709 1393 906 1479 [dialectos]

297 1500 423 1564 Femin.
458 1513 495 1561 nl
527 1504 573 1581 ὂό,
608 1499 691 1583 plur.
725 1503 793 1572 dar,
823 1498 878 1562 sed
910 1511 946 1561 ut
969 1499 1076 1583 priora
1095 1521 1127 1580 9,
1151 1499 1196 1562 ita
1218 1498 1286 1564 haec
1309 1502 1335 1583 ij
1359 1514 1474 1564 antea

210 1603 422 1689 interponunt
447 1618 481 1665 ut
505 1603 600 1684 dejar,
630 1602 716 1687 quod
740 1601 919 1686 praevaluit.
965 1601 1056 1664 Idem
1081 1602 1113 1664 in
1139 1601 1362 1666 desinentibus
1386 1605 1418 1666 in
1441 1626 1473 1682 u,

210 1707 348 1792 quodam
373 1707 507 1782 faciunt,
533 1720 569 1768 ut
582 1707 683 1788 fruer
706 1729 764 1790 pro
780 1707 895 1788 fruar.

298 1813 326 1875 6.
373 1811 496 1874 Neutra
519 1810 626 1872 omnia
649 1809 682 1872 in
705 1809 851 1872 vocalem
875 1831 1099 1895 quamcunque
1123 1809 1314 1884 desinentia,
1326 1811 1353 1874 ai
1376 1811 1473 1876 decli-

210 1915 330 1979 nabilia
364 1927 447 1991 sunt,
484 1913 549 1977 vid.
584 1935 655 1998 sup.
690 1935 761 1998 pag.
797 1913 850 1990 31,
884 1936 970 1978 nom.
1000 1913 1159 1999 pluralem
1183 1913 1324 1976 formant·
1347 1915 1473 1999 adjecto

211 2031 335 2084 lantum
359 2039 382 2082 n
405 2017 444 2082 ad
467 2016 623 2080 nominat.
648 2016 854 2101 singularem.

297 2123 335 2185 In
369 2143 400 2205 a,
434 2136 471 2184 ut
503 2121 616 2203 hieria,
650 2120 733 2204 plur.
761 2120 896 2184 hierium
943 2119 1070 2204 Excipe
1094 2119 1158 2184 duo
1182 2121 1215 2184 in
1239 2141 1270 2200 a,
1291 2143 1361 2206 quae
1385 2145 1471 2186 nom.

211 2228 292 2313 plur.
329 2227 470 2289 formant
503 2246 524 2290 a
558 2237 680 2288 mutato
714 2224 746 2286 in
782 2245 799 2289 o
834 2236 867 2286 et
900 2223 947 2286 sic
975 2223 1151 2310 assumpto}
1174 2245 1213 2302 n‚·
1236 2237 1272 2288 ul
1294 2230 1364 2308 dyc,
1389 2227 1473 2312 plur.

210 2337 310 2416 lipom
332 2335 401 2404 dra,
425 2335 511 2396 droa.

298 2436 335 2498 In
361 2457 386 2511 e,
410 2447 447 2496 ul
469 2435 583 2511 ellare,
607 2433 682 2508 bute,
706 2432 801 2515 distre,
825 2432 946 2510 cmbete,
962 2433 1076 2515 fdnqe,
1091 2436 1175 2516 pelle,
1190 2433 1302 2516 hdnyr,
1318 2434 1474 2518 inwudlre,

212 2541 315 2623 lepte,
351 2538 422 2623 lete,
451 2542 540 2620 mille,
568 2537 660 2618 rljlcc,
690 2541 784 2619 reste,
807 2537 908 2614 clune,
932 2536 1065 2620 smycke,
1089 2537 1187 2619 idele,
1209 2537 1322 2616 walde,
1345 2539 1473 2616 circada,

216 2644 289 2726 ciple
312 2655 373 2706 etc.

299 2746 336 2810 In
360 2748 397 2829 ij,
421 2767 491 2831 quae
515 2743 611 2807 modo
636 2743 792 2829 pluralem
816 2742 952 2818 habent;
976 2754 1012 2805 ut
1035 2743 1090 2827 bij,
1114 2744 1195 2829 plur.
1217 2744 1293 2826 bc'y‘n.

297 2850 335 2914 ln
369 2870 397 2926 0,
421 2862 457 2912 ut
480 2850 528 2914 loo
552 2847 700 2932 (globus)
723 2847 806 2932 plur.
831 2848 916 2925 loom
938 2849 1003 2923 boc,
1027 2847 1122 2911 nidus
1146 2847 1265 2925 avium,
1278 2847 1360 2930 plur.
1383 2849 1473 2913 boon.

299 2954 336 3017 In
360 2954 392 3031 ἀ,
416 2963 453 3015 ut
474 2952 578 3030 elrdd,
602 2951 685 3036 plur.
709 2951 833 3015 alrddn.

298 3057 336 3121 In
360 3060 391 3134 ἄ,
414 3067 451 3119 ut
473 3059 559 3139 trun,
581 3055 678 3138 larici,
701 3055 790 3136 ᾶρῑᾶ,
814 3054 896 3139 plur.
922 3059 1022 3121 lrddn
1046 3071 1106 3120 etc.

302 3160 339 3222 In
363 3164 391 3235 ὃ,
414 3171 452 3222 ut
465 3159 555 3242 srdd,
579 3158 663 3243 plur.
679 3158 778 3241 frddn
801 3170 862 3221 etc.

298 3265 336 3326 In
359 3285 381 3327 u
404 3263 534 3348 quidem
559 3263 683 3325 nullum
718 3273 867 3324 neutrum
893 3261 1022 3340 desinit,
1051 3263 1085 3326 in
1106 3284 1128 3347 y
1150 3285 1227 3328 vcro
1249 3263 1373 3327 nullum
1398 3286 1475 3328 neu·

213 3380 297 3432 trum
322 3365 526 3430 declinabile.

300 3474 329 3535 7.
375 3469 528 3550 Quaedam
553 3470 650 3532 etiarn
674 3469 708 3532 in
732 3470 876 3534 vocalem
900 3469 1083 3534 desinentia
1105 3471 1200 3556 plane
1226 3482 1336 3534 carent
1358 3471 1476 3556 plurali

212 3598 357 3653 numero,
389 3597 460 3638 cum
485 3574 662 3637 masculina
685 3585 718 3637 el
740 3574 896 3638 feminina
919 3589 988 3637 tum
1011 3587 1135 3638 neutra.
1182 3573 1372 3638 Desinentia
1394 3575 1427 3638 in
1444 3596 1475 3652 a,

214 3680 391 3744 masculina
410 3681 524 3763 cyrila,
547 3678 659 3760 dfwiu,
685 3678 803 3743 midlku
826 3679 836 3741 i
860 3677 930 3754 fink,
953 3678 1063 3761 hafra,
1086 3679 1215 3755 lernaea,
1239 3679 1345 3755 blnda,
1369 3699 1478 3743 morsa

211 3786 269 3870 (pa
290 3784 398 3869 tr'a'an)
432 3796 494 3847 etc.
528 3783 666 3847 hurnbla.
712 3781 891 3863 Feminina‚
925 3782 1026 3847 baalac
1058 3783 1143 3867 (som
1179 3782 1289 3845 sullies
1314 3781 1362 3845 aff
1379 3781 1477 3867 wera)

207 3889 323 3971 saduc,
350 3888 491 3973 fraihna,
513 3888 682 3972 scirnisca,
703 3887 824 3970 pallea,
846 3887 955 3970 hallec,
978 3887 1106 3970 lampa,
1128 3886 1239 3962 licelid,
1262 3886 1355 3970 hyra,
1379 3886 1475 3970 dalea,

212 3993 329 4077 lddlra,
362 3992 491 4076 eladae,
527 3990 676 4074 liumslcc,
709 3990 840 4066 middin,
873 3991 992 4075 maille,
1025 4011 1173 4075 malama,
1202 3992 1330 4075 κέρμα,
1351 3989 1476 4074 calcea,

212 4097 426 4180 rooselnmpm
449 4115 561 4178 epona,
585 4094 694 4178 sellia,
717 4094 799 4159 ultra
822 4105 881 4158 etc.

301 4199 439 4277 Neutra,
461 4210 499 4262 ut
519 4197 678 4280 winddqa.

301 4301 492 4366 Desinentia
519 4302 553 4364 in
576 4323 592 4366 e
615 4313 739 4384 neutra,
762 4313 799 4364 ut
812 4299 942 4386 fndslce,
966 4300 1062 4385 lianc,
1085 4300 1190 4385 salue,
1212 4300 1336 4384 sledffle,
1359 4300 1476 4384 slybbe,

214 4407 303 4492 tyele
327 4419 388 4472 ete.

300 4508 491 4573 Desinentia
519 4509 552 4572 in
576 4509 602 4593 ij
624 4521 739 4572 neutra
762 4507 927 4594 pleraque,
940 4508 1048 4572 omnia
1070 4507 1322 4584 indeclinabilia,
1348 4518 1384 4570 ut
1403 4505 1475 4590 fiij,

214 4613 286 4700 huj,
315 4613 409 4697 smil,
436 4613 529 4696 slrlj,
550 4613 689 4697 fyllerr'j‚
713 4613 884 4696 ὂνμρρενῆ,
909 4613 1022 4696 bryrij,
1046 4613 1187 4696 ldllerly}
1211 4611 1392 4694 bedrdqerlj
1415 4624 1475 4676 etc.

300 4717 491 4783 Desinentia
512 4716 545 4780 in
568 4737 596 4804 o,
618 4716 785 4805 feminina,
808 4730 845 4781 ut
868 4721 946 4796 troc,
970 4721 1066 4798 airon,
1090 4736 1164 4783 orco
1188 4727 1248 4780 etc.
