3648 5696
448 523 508 582 150
772 525 818 584 llr.
844 525 993 584 Aurivillii
1017 527 1212 585 Grammatico
1235 527 1371 585 Sveoana.

812 713 1060 778 Praeteritum
1084 711 1321 779 Definitum.

531 827 597 894 Ubi
620 831 740 895 eaedem
764 833 928 918 partioulae
951 833 1056 898 looum
1080 831 1208 901 habent.

530 931 619 1018 Sing.
1156 934 1243 1000 Plur.

447 1037 473 1099 l.
495 1035 754 1119 aequistantes
777 1040 828 1114 dci,
851 1037 1029 1122 nyttiadlaes
1075 1037 1140 1121 Wir'
1162 1038 1366 1104 r'a'lslradlroms
1388 1038 1431 1103 dri

443 1140 474 1203 2.
501 1139 549 1203 Tu
570 1139 742 1206 alatadtes
1072 1140 1096 1206 Ι
1113 1141 1306 1206 tilslradlaens

443 1241 473 1304 3.
498 1239 577 1305 Han
598 1242 770 1308 olaladlaes
1075 1245 1138 1312 rte
1159 1243 1330 1310 dlokodlaes

529 1343 598 1410 NB.
644 1345 708 1410 Vel
723 1347 806 1430 jopia
827 1349 931 1416 wurdt
952 1349 1090 1416 atstadt
1111 1349 1154 1414 dai
1176 1347 1244 1412 soil.

1742 1466 1743 1518 l

785 1535 1032 1601 Praeteritum
1055 1527 1351 1624 Respeetivum.

533 1652 664 1720 Eadem
700 1669 733 1722 et
765 1656 818 1721 hio
841 1657 1004 1744 partieulae
1027 1657 1132 1721 looum
1155 1657 1285 1742 habent,
1314 1670 1348 1721 et
1370 1669 1526 1743 praeterea
1548 1675 1577 1737 o,
1599 1673 1615 1717 o
1634 1658 1681 1734 all,

440 1756 538 1840 yifwe
556 1758 643 1839 padi
665 1765 721 1838 att,
746 1781 763 1826 o
785 1760 868 1825 toro
886 1764 1002 1842 quana.

531 1858 617 1946 Sing.
1159 1862 1247 1929 Plur.

445 1963 472 2024 1.
494 1958 560 2044 «lap
582 1961 684 2030 hudhe
705 1967 801 2031 wara’t
822 1965 960 2031 ‹ilalradla
1076 1965 1142 2049 Wij
1163 1965 1297 2032 ludham
1319 1967 1414 2031 taurii
1435 1961 1591 2030 atlalcadlae

444 2063 475 2126 2.
501 2063 549 2128 Tu
570 2064 671 2130 hudhe
692 2070 788 2133 wurdt
809 2067 947 2135 cilskadla
1073 2069 1094 2134 1
1113 2068 1235 2134 liudhart
1257 2071 1353 2134 morit
1374 2066 1528 2133 iilslradlte

442 2164 473 2228 3.
497 2164 575 2231 Han
596 2166 697 2234 mute
718 2173 814 2236 wara
835 2172 972 2238 dlsludlr
1072 2172 1135 2237 Tira
1156 2171 1256 2237 hodia
1278 2173 1373 2236 warit
1394 2168 1549 2236 distorte

840 2359 1300 2446 Plut'quamperfeotum.

544 2475 607 2539 Hic
630 2499 756 2564 quoque
773 2478 892 2543 easdem
914 2479 1077 2566 particulae
1093 2479 1238 2544 adhiberi
1253 2491 1397 2566 possunt,
1418 2477 1473 2565 'qui
1488 2477 1521 2541 in
1538 2471 1685 2562 praesenti.

447 2683 475 2744 1.
499 2577 711 2766 Jasqmlirifwer
721 2685 817 2749 wuril
832 2686 898 2769 (cir,
913 2691 953 2751 ἄν
968 2706 1046 2752 wor-
1076 2685 1143 2768 Wtj
1153 2582 1291 2770 lliciJllirom
1301 2679 1687 2768 waritairepirewordae)

498 2783 575 2866 dara)
598 2785 737 2850 &laludio
1115 2788 1270 2854 iilalradlte

444 2887 473 2948 2.
501 2885 550 2950 Tu
571 2885 695 2969 haswer
716 2890 813 2954 morit
836 2887 974 2955 atstadt
1074 2891 1099 2956 I
1115 2892 1242 2976 huswart
1263 2891 1357 2956 worlt
1379 2887 1533 2953 rilslradhe

441 2987 473 3052 3.
497 2987 578 3054 Hora
598 2989 723 3073 hasmet·
744 2993 840 3057 warit
861 2990 998 3058 aestuat
1071 2993 1134 3059 rte
1155 2993 1265 3078 hasmo
1287 2994 1383 3060 waril
1404 2989 1562 3057 diskadlre

968 3177 1174 3243 Futurum.

531 3293 638 3358 Etiam
667 3293 719 3358 hio
742 3295 862 3359 eaedem
886 3297 1048 3382 partioulae
1072 3301 1218 3386 usurpari
1242 3312 1384 3386 possunt,
1403 3321 1473 3384 quae
1488 3298 1521 3362 in
1539 3291 1690 3384 praesenti,

445 3413 479 3460 et
501 3399 632 3484 insuper
653 3405 711 3477 att,
730 3401 776 3482 pai
797 3401 877 3478 utet,
894 3403 943 3484 pai
964 3403 1035 3469 uter
1057 3409 1111 3468 ult.

533 3500 621 3586 Sing.
1158 3505 1246 3569 Plur.

446 3605 475 3666 1.
498 3599 1690 3692 Jayatatalstasmardoutstadt)Wostolomatstas(warmolsmatel

445 3707 475 3768 2.
502 3705 550 3770 Tu
571 3705 644 3772 skal
665 3707 778 3772 rilslras
1074 3711 1100 3776 Ι
1116 3713 1225 3778 stolen
1247 3711 1362 3778 diolcos

444 3809 475 3871 3.
500 3806 578 3872 Han
600 3808 674 3874 alal
696 3810 810 3876 allatas
1076 3815 1140 3879 Tire
1160 3814 1252 3880 airola
1273 3813 1388 3879 aretas

531 3911 599 3976 NB.
644 3911 759 3978 Omnia
782 3914 850 3979 haec
871 3916 1039 3981 indicativi
1062 3931 1207 4004 tempora
1228 3915 1458 4000 interrogative
1482 3935 1611 3998 quoque
1628 3932 1692 3974 oon-

446 4013 525 4076 strui
549 4029 693 4099 possunt,
716 4015 761 4079 ita
783 4031 829 4099 ut,
852 4018 908 4082 ubi
931 4042 994 4082 non
1016 4034 1065 4084 est
1087 4020 1222 4084 verbum
1245 4019 1411 4095 auxiliare,
1434 4017 1539 4101 ipsum
1564 4012 1692 4076 verbum

446 4129 518 4179 ante
553 4139 721 4202 personam
756 4132 902 4205 ponatur,
941 4122 996 4186 ubi
1019 4146 1096 4187 vero
1121 4137 1170 4188 est
1192 4123 1326 4187 verbum
1350 4119 1506 4184 auxiliare
1527 4117 1613 4181 illud
1636 4115 1689 4200 pri·

447 4242 532 4284 mum
551 4221 655 4285 locum
673 4235 819 4307 occupet,
836 4245 971 4308 persona
986 4227 1174 4303 seeundum,
1190 4227 1295 4312 ipsum
1312 4247 1388 4288 vero
1404 4220 1537 4284 verbnm
1558 4221 1692 4286 tertium.

932 4413 1216 4496 Imperativus.

975 4514 1163 4579 Praesens.

532 4615 621 4700 Sing.
1161 4616 1247 4679 Plur.

447 4720 475 4781 2.
499 4704 616 4820 {lates
638 4719 681 4783 du
1071 4704 1212 4819 {latens
1236 4716 1261 4781 I

447 4827 476 4886 3.
499 4820 617 4886 Alslaes
638 4820 704 4885 hun
1075 4819 1192 4885 Aletes
1214 4820 1263 4886 tta
