3674 5694
471 513 514 573 De
538 515 725 572 Formatioue
750 515 878 572 Casuum
902 515 1016 571 Formae
1039 511 1234 590 Respectivre.
1442 510 1483 571 75

222 697 289 760 Llr.
324 700 337 761 i
369 699 452 780 rijltc
475 701 555 776 siaa,
580 699 666 783 quod
690 698 729 761 ad
753 697 984 783 cacophoniam
1007 697 1170 760 vitandam
1196 697 1317 760 factum
1340 696 1484 774 videtur)

220 803 299 877 boot,
338 802 401 866 dat.
438 805 534 868 boone
558 804 606 888 (in
630 802 686 866 LL
711 803 867 888 antiquis)
890 803 1004 875 strddl,
1030 801 1094 865 dat.
1119 803 1272 878 alnidum
1296 805 1394 876 treet,
1419 800 1483 866 dat.

221 911 316 971 trono
338 905 383 985 (fl.
409 909 424 968 l
450 909 464 989 ξ
490 909 508 970 5
532 886 627 970 ilrfd.
652 907 795 990 Weatg.)
819 907 830 968 i
852 912 934 970 atter
956 911 1049 970 trdno
1073 921 1134 969 etc.

309 1009 384 1073 Not.
431 1009 599 1072 Interdum
634 1011 774 1073 occurrit
807 1010 840 1071 in
869 1031 898 1092 a,
924 1021 960 1072 ut
983 1010 1100 1088 landet,
1126 1010 1189 1072 dat.
1215 1007 1483 1086 tondeamus

227 1113 343 1174 Bibliis
367 1135 464 1197 saepe:
489 1115 601 1195 lateret,
626 1114 770 1196 luterensi,
795 1137 821 1175 c.
846 1115 875 1176 5:
900 1115 919 1176 8
942 1112 1062 1196 Josuae,
1077 1113 1216 1196 fortem
1240 1113 1332 1176 Matt.
1357 1114 1408 1174 27:
1432 1112 1484 1194 20,

225 1220 240 1280 1
274 1217 358 1280 Sam.
387 1219 435 1280 18:
461 1220 490 1291 5,
516 1217 670 1293 lamberto,
696 1220 799 1302 Apoc.
826 1219 875 1279 14:
899 1221 929 1292 4,
953 1217 1145 1282 waldimacum
1168 1219 1273 1302 Apoc.
1301 1217 1350 1280 13:
1375 1217 1405 1292 3,
1433 1217 1481 1293 14,

220 1321 345 1398 altena,
370 1320 451 1382 Dan.
476 1323 505 1382 7:
530 1323 581 1396 24,
605 1321 728 1384 aureae
755 1325 767 1381 1
795 1320 874 1404 Reg.
901 1322 949 1384 18:
975 1327 991 1384 1
1018 1333 1050 1382 et
1073 1321 1192 1405 saepiss.
1219 1320 1306 1382 alibi.
1516 1318 1527 1329 '

309 1423 383 1486 Not.
431 1423 558 1508 Excipe
592 1443 613 1487 1.
660 1424 785 1486 Neutra
817 1424 999 1486 desinentia
1031 1425 1063 1485 in
1098 1446 1129 1498 a,
1158 1446 1229 1508 quae
1262 1423 1315 1485 vel
1339 1415 1483 1486 dativum

222 1526 308 1589 hunc
337 1527 478 1590 formant
500 1530 533 1589 in
557 1549 588 1602 a,
613 1538 649 1589 ut
669 1528 783 1603 hieria,
807 1549 891 1611 resp.
914 1551 1000 1592 nom.
1025 1527 1142 1590 Mertai
1164 1525 1280 1590 Matth.
1305 1528 1355 1590 15:
1380 1549 1409 1588 v.
1436 1527 1485 1600 18,

226 1631 276 1703 19,
301 1630 365 1694 dat.
388 1631 535 1694 hiertanu
558 1631 646 1714 (Esa.
670 1633 721 1694 59:
744 1654 775 1694 v.
802 1632 865 1714 13),
889 1631 971 1692 Psal.
998 1631 1048 1692 62:
1073 1654 1102 1696 v.
1128 1631 1146 1693 5
1169 1630 1179 1691 i
1203 1630 1345 1694 hiertena
1367 1629 1420 1691 vel
1443 1629 1485 1690 si·

225 1735 333 1796 milem
369 1733 489 1798 habent
520 1735 730 1810 nominativo,
765 1749 801 1796 ut
834 1741 902 1816 oya,
941 1734 1004 1796 dat.
1039 1739 1113 1814 opat
1137 1733 1190 1796 vel
1214 1739 1292 1815 epm·
1315 1737 1395 1805 lirul,
1421 1732 1486 1798 dat.

226 1842 299 1901 drot
321 1838 374 1899 vel
397 1843 465 1902 dra.

309 1961 344 2005 11.
391 1941 544 2019 Quaedam
580 1956 691 2004 neutra
721 1943 754 2004 in
779 1964 951 2005 consonam
975 1941 1076 2015 finita,
1100 1941 1185 2026 (scil.
1210 1941 1243 2002 in
1267 1939 1372 2002 forma
1395 1939 1486 2002 abso·

224 2045 308 2127 luta)
332 2044 477 2108 dativum
500 2045 586 2108 hunc
609 2046 750 2108 formant
772 2046 805 2108 in
830 2067 854 2124 e,
879 2059 915 2108 ut
937 2045 1077 2120 videtur,
1103 2045 1142 2107 ad
1163 2043 1328 2107 vitandam
1346 2043 1485 2128 aliquam

225 2147 467 2233 cacophoniam.
513 2150 551 2211 ln
585 2172 768 2226 consonam,
808 2161 844 2211 ut
879 2150 1011 2232 spatae,
1045 2149 1099 2212 vel
1132 2149 1260 2231 syrion,
1293 2170 1379 2211 ηοω.
1401 2168 1486 2231 resp.

223 2252 376 2334 syskoaet
408 2253 461 2314 vel
495 2253 653 2335 eystonel,
691 2253 755 2316 dat.
785 2253 933 2336 sualane,
956 2253 1010 2315 vel
1033 2253 1178 2334 cycleae,
1203 2265 1257 2314 aut
1280 2251 1415 2334 epulone
1437 2251 1487 2334 (ut

225 2357 257 2419 in
282 2357 410 2440 legibus
434 2357 551 2419 nostris
575 2357 728 2440 occurrit)
752 2380 815 2418 non
839 2357 980 2440 spelaeo
1003 2357 1056 2418 vel
1079 2357 1216 2438 systum
1242 2369 1302 2420 etc.

311 2459 367 2521 De
392 2462 532 2522 Aecus.
558 2459 770 2544 Singulari
794 2473 833 2523 et
855 2460 959 2524 Plur.

313 2563 540 2641 Accusativus,
574 2576 610 2626 ut
643 2565 676 2626 in
711 2563 818 2648 priore
843 2563 956 2646 forma,
980 2564 1025 2626 ita
1048 2575 1081 2624 et
1104 2561 1156 2624 hic
1179 2561 1274 2646 plane
1298 2561 1413 2624 similis
1437 2573 1487 2622 est

226 2666 426 2729 nominativo
449 2667 482 2728 in
507 2673 643 2751 utroque
667 2689 813 2730 numero.

311 2771 386 2833 Not.
432 2768 613 2832 Occurrunt
635 2785 742 2833 tamen
766 2771 838 2833 loca
861 2770 894 2831 in
918 2769 948 2831 S.
975 2769 1099 2848 Bibliis,
1112 2769 1168 2831 ubi
1192 2768 1355 2854 propriam
1379 2768 1487 2830 termi-

224 2874 388 2936 nationem
413 2873 511 2936 habet
534 2875 566 2936 in
590 2895 644 2938 aa.
687 2873 761 2936 Vid.
788 2873 919 2936 omnino
943 2873 1088 2956 regulam
1111 2873 1261 2936 traditam
1285 2872 1342 2934 inf.
1369 2872 1408 2934 ad
1433 2871 1486 2934 de·

231 2979 307 3041 alin.
331 2989 487 3060 quartam,
512 2976 551 3038 de
576 2978 766 3039 accusativo.

312 3080 367 3142 De
392 3079 530 3142 Vocat.
555 3079 767 3164 Singulari
791 3091 830 3141 et
853 3079 954 3142 Plur.

312 3183 394 3246 Cum
419 3183 526 3245 omnia
548 3184 679 3245 nomina
700 3183 734 3244 in
757 3182 816 3245 hac
839 3182 943 3246 forma
967 3183 1031 3245 sint
1055 3183 1157 3246 tertiae
1182 3194 1307 3245 tantum
1331 3203 1487 3265 personae,

223 3287 298 3350 ideo
321 3287 506 3349 vocativum
531 3309 638 3349 casum
662 3285 781 3349 habere
805 3300 980 3371 nequeunt,
1005 3287 1061 3370 qui
1084 3285 1233 3348 secundae
1257 3300 1305 3347 est
1331 3307 1483 3368 personae.

225 3392 259 3454 Si
282 3413 359 3454 vero
383 3391 416 3452 in
437 3391 545 3474 aliquo
569 3413 716 3453 sermone
740 3391 757 3454 ὂ
781 3413 853 3453 οηω
870 3390 928 3452 hac
949 3390 1052 3452 forma
1069 3391 1276 3474 conjunctum
1293 3389 1483 3474 reperiatur,

228 3493 474 3557 exclamationis
497 3495 605 3578 potius
629 3516 723 3579 quam
747 3493 884 3557 vocandi
909 3494 974 3554 vim
999 3493 1106 3556 habet.

314 3599 369 3661 De
393 3599 655 3661 Nominativo
680 3599 846 3661 Plurali.

317 3701 596 3780 Quemadmodum
620 3702 653 3764 in
677 3702 780 3764 forma
803 3701 949 3765 absoluta
972 3716 1020 3764 est
1043 3700 1177 3776 dictum,
1202 3700 1341 3763 maxime
1365 3700 1488 3764 notabi-

226 3809 291 3870 lem
315 3805 466 3868 flexionis
490 3806 700 3869 variationem
726 3807 914 3891 contingere
937 3807 970 3868 in
986 3805 1186 3868 nominativo
1203 3805 1332 3889 plurali,
1351 3805 1397 3866 ita
1414 3826 1488 3866 eve·

228 3911 277 3974 nit
293 3933 421 3995 quoque
445 3911 477 3972 in
502 3909 561 3972 hac
584 3910 697 3974 forma.
738 3910 896 3989 Quoniam
914 3923 1022 3973 autem
1038 3909 1091 3971 hic
1112 3909 1151 3972 ab
1169 3909 1226 3971 illo
1242 3908 1399 3972 formatur
1415 3908 1490 3971 ideo

226 4014 403 4077 secundum
427 4014 514 4076 illius
538 4013 659 4076 variam
684 4015 944 4076 terminationem
967 4013 1020 4076 hic
1043 4035 1170 4097 quoque
1195 4013 1282 4074 varie
1299 4011 1486 4076 inflectitur.

311 4117 386 4180 Not.
433 4116 585 4194 Quaedam
609 4117 755 4179 anomala
778 4117 812 4178 in
835 4117 939 4179 forma
963 4117 1118 4189 absoluta,
1143 4116 1240 4178 etiam
1264 4115 1317 4178 hic
1340 4117 1487 4178 anomala

225 4233 315 4283 sunt:
350 4235 386 4282 ut
418 4221 528 4301 ydsen,
563 4241 648 4280 nom.
685 4220 728 4302 pl.
755 4221 1125 4301 ydssen51nsen,nom.
1151 4220 1193 4303 pl.
1220 4220 1343 4297 Iessea:
1365 4241 1485 4302 tanseat,

226 4324 272 4408 pl.
297 4329 434 4389 musaeu.

313 4426 484 4489 Formatur
507 4427 615 4512 itaque
640 4449 657 4488 a
680 4425 879 4488 nominativo
903 4426 1020 4510 plurali
1043 4425 1160 4512 formae,
1178 4426 1342 4501 absolutae,
1365 4424 1399 4486 in
1423 4445 1487 4486 ma-

227 4530 359 4593 sculinis
384 4529 514 4614 quidem
539 4545 572 4592 et
595 4529 769 4607 femininis,
794 4529 919 4614 adjecta
942 4530 1168 4592 terminatione
1185 4529 1279 4613 hujus
1298 4527 1488 4590 nominativi

226 4634 358 4718 propria
390 4655 443 4706 na,
478 4633 518 4696 ad
552 4633 742 4719 praedictum
771 4655 856 4696 nom.
880 4633 990 4695 formae
1014 4632 1184 4708 absolutae3
1208 4632 1241 4694 in
1264 4631 1387 4693 neutris
1411 4652 1487 4692 vero

227 4738 330 4815 aliter,
355 4752 391 4800 ut
413 4759 456 4799 ex
479 4737 638 4822 exemplis
662 4759 719 4822 per
742 4737 885 4822 singulas
902 4736 1135 4800 declinationes
1152 4736 1313 4798 absolutas
1329 4733 1488 4798 adhibitas

229 4864 307 4904 mox
329 4841 475 4926 patescit.
522 4839 576 4904 Sic
