3674 5694
769 520 917 578 Praelatio.
1456 523 1474 580 5

212 707 304 792 genis
338 705 553 788 impeditiora,
588 703 705 791 partim
740 717 772 766 et
805 703 934 766 inutilia
968 703 1113 769 reddere.
1160 705 1237 783 Quae
1273 705 1326 769 hic
1354 708 1473 792 passim

213 811 353 874 occurrit
375 811 475 874 nimia
497 809 642 872 fortassis
665 807 887 892 exemplorum
913 807 1014 892 copia,
1039 808 1142 872 fateor
1158 809 1308 894 ingenue,
1324 833 1388 873 non
1405 812 1474 875 sine

214 915 323 978 labore
358 937 394 977 ac
429 913 587 990 molestia,
621 913 662 976 ob
694 910 804 985 lexici,
835 924 890 974 aut
918 912 1031 974 saltem
1057 935 1173 976 vocum
1198 915 1342 977 omnium
1368 915 1474 978 Sueti-

214 1041 321 1081 oarum
347 1017 500 1102 complcti
523 1015 638 1078 indicis
663 1014 837 1097 defectum,
864 1014 903 1077 ad
933 1037 982 1077 me
1010 1016 1153 1100 aliosque
1170 1017 1322 1082 certiores
1338 1018 1474 1082 redden-

214 1121 272 1184 dos
308 1121 498 1206 conquisita,
533 1135 566 1181 et
600 1118 776 1182 secundum
816 1117 962 1180 ordinem
1005 1119 1244 1204 alphabeticum
1284 1123 1473 1209 plerumque

215 1240 378 1311 congesta,
401 1247 465 1287 non
489 1223 587 1286 debet
610 1245 801 1307 quemquam
826 1221 1007 1286 offendere:
1032 1247 1103 1287 curn
1129 1247 1167 1286 ea
1190 1226 1275 1289 circa
1298 1228 1473 1291 accuratio-

214 1353 282 1392 rem
306 1329 420 1392 horum
447 1340 680 1413 praeceptorum
704 1325 975 1410 emendationem,
999 1349 1062 1390 una
1085 1350 1156 1390 eum
1175 1329 1246 1392 aliis
1264 1329 1348 1393 forte
1365 1355 1474 1416 super·

215 1433 299 1508 fluis,
334 1433 387 1496 vel
422 1433 527 1495 minus
562 1431 713 1496 adcurate
749 1431 874 1514 positis,
905 1431 995 1493 nullo
1019 1432 1150 1514 negot-io
1175 1433 1275 1495 recidi
1300 1435 1419 1518 poterit
1442 1449 1475 1498 et

216 1538 384 1622 amputari.
433 1537 523 1609 Vale,
548 1537 665 1598 Lector
689 1535 864 1607 Benevole,
890 1550 923 1596 et
945 1535 971 1596 si
988 1535 1122 1619 patriam
1142 1537 1315 1622 patriaeque
1332 1541 1473 1603 nativam

215 1642 370 1725 linguam,
406 1655 441 1702 ut
475 1663 531 1723 par
561 1653 619 1714 ost,
644 1662 740 1709 amas,
767 1637 815 1700 his
840 1638 1031 1701 rudimentis
1055 1641 1182 1714 nostris,
1206 1663 1323 1725 quaeso,
1348 1643 1474 1719 faveas;

215 1767 320 1830 neque
345 1761 507 1807 auctorem
532 1744 635 1806 solum
662 1765 783 1824 eorum,
807 1743 862 1804 sed
888 1765 968 1826 opus
992 1744 1108 1827 ipsum,
1133 1767 1325 1830 quoeunque
1343 1748 1475 1832 poteris,

216 1850 325 1912 favore
351 1849 536 1932 auxilioque
561 1859 618 1910 tuo
642 1847 782 1931 benigne
806 1847 917 1910 foveas
941 1870 978 1910 ac
1003 1870 1202 1932 promoveas.
1231 1849 1321 1914 Vale.

302 1971 424 2056 Scripsi
448 1969 589 2056 Upsaliae
612 1970 664 2032 die
691 1971 731 2033 10
754 1969 836 2032 Nov.

458 2077 556 2137 Anno
583 2074 674 2138 1684.

943 2214 1085 2290 Eamus
1113 2215 1374 2290 Aumvrnmus.
