3674 5694
665 399 714 458 Er.
738 400 891 460 Aurivillii
915 401 1112 463 Grammatica
1135 404 1273 462 Svecana.

666 652 963 718 Femininorum
987 656 1281 718 Anomalorum.

432 790 499 853 NB.
547 790 600 854 Ad
636 793 819 855 evitandam
856 793 1077 878 prolixitatem
1112 793 1247 879 posthac
1281 816 1345 856 non
1383 791 1603 878 paradigmata

345 895 452 978 aliqua
486 895 716 970 anomalorurn,
751 896 807 958 sed
831 908 954 960 tantum
979 898 1053 960 illos
1088 921 1190 972 casus,
1225 898 1281 982 qui
1315 893 1500 960 anomaleds
1528 895 1602 958 fiec-

345 1009 468 1080 tuntur,
484 1021 672 1083 proponam.

431 1101 583 1180 Quaedam
619 1102 799 1166 desinentia
822 1105 855 1167 in
880 1106 900 1168 ri
924 1105 1085 1190 rccipiunt
1108 1128 1129 1170 ο
1153 1117 1226 1168 ante
1249 1127 1277 1182 r,
1301 1103 1465 1167 interdum
1488 1115 1525 1165 ut
1548 1103 1601 1176 titi,

345 1229 429 1268 nom.
465 1207 547 1290 plur.
580 1207 652 1283 tar,
682 1207 715 1269 in
743 1229 770 1281 ο,
805 1230 826 1272 u
850 1220 882 1270 et
905 1213 921 1273 ὅ
945 1220 1018 1272 ante
1041 1232 1060 1273 r
1082 1210 1115 1272 in
1138 1233 1223 1274 nom.
1250 1209 1367 1294 plurali
1391 1207 1554 1290 recipiunt
1577 1228 1602 1279 e,

345 1311 526 1389 utstatim,
550 1315 663 1384 moder,
688 1310 752 1375 dat.
776 1323 809 1374 et
831 1311 893 1374 abl.
918 1313 1000 1396 plur.
1016 1314 1131 1396 froom
1154 1314 1207 1376 vel
1221 1315 1348 1397 frutra.

810 1606 950 1672 Secunda
973 1606 1140 1669 Declinatio

777 1776 922 1840 Formae
958 1776 1173 1840 Absolutae.

430 1951 490 2014 Est
518 1949 747 2012 femininorum
772 1961 897 2012 tantum
920 1949 953 2012 in
977 1969 998 2012 ο
1021 1947 1250 2030 desinentium,
1273 1971 1343 2034 quae
1367 1949 1474 2012 omnia
1498 1950 1602 2012 nomi-

343 2055 488 2118 nativum
512 2053 669 2138 pluralem
700 2053 840 2116 formant
862 2053 895 2116 in
919 2073 955 2115 or
979 2061 1030 2128 (ut
1052 2075 1121 2136 sup.
1148 2075 1218 2137 pag.
1243 2055 1294 2128 45,
1317 2053 1359 2115 46
1384 2052 1601 2129 tamdictum),

430 2157 600 2220 Genitivus
624 2157 794 2241 singularis
819 2157 937 2218 desinit
960 2156 992 2218 in
1016 2175 1051 2220 os
1074 2155 1131 2240 (de
1155 2179 1217 2240 qua
1240 2155 1433 2218 formatione
1450 2155 1514 2218 vid.
1533 2179 1602 2240 sup.

344 2285 415 2347 pag.
439 2261 498 2344 46)
520 2261 573 2323 vel
596 2261 628 2322 in
652 2281 691 2324 us
715 2269 765 2334 (ut
787 2259 948 2322 recentior
971 2260 1150 2344 pronuncio
1175 2273 1208 2321 et
1231 2259 1363 2343 scriptio
1380 2281 1463 2344 saepe
1480 2258 1602 2338 habet).

431 2364 566 2428 Dativus
602 2377 634 2426 et
668 2363 827 2426 ablativus
862 2362 1033 2446 singularis
1063 2363 1095 2426 in
1125 2384 1152 2438 ο,
1187 2363 1363 2425 secundum
1388 2361 1602 2446 antiquiorem

343 2468 517 2531 flexionem
552 2468 608 2550 (de
643 2490 705 2552 qua
728 2466 793 2529 vid.
819 2489 887 2550 sup.
913 2487 985 2550 pag.
1010 2465 1081 2550 cit.)
1104 2488 1246 2550 semper;
1267 2467 1362 2548 juxta
1386 2465 1600 2528 recentiorem

343 2595 420 2635 vero
444 2583 518 2634 sunt
541 2571 610 2634 fere
634 2571 755 2634 similes
781 2569 980 2632 nominativo
1004 2568 1061 2652 (de
1085 2591 1148 2652 quo
1172 2591 1241 2653 sup.
1265 2593 1337 2654 pag.
1361 2571 1413 2645 36,
1437 2569 1505 2653 37.)

431 2674 601 2738 Genitivus
636 2673 779 2758 pluralis,
814 2672 1007 2757 regulariter
1030 2695 1047 2734 a
1071 2695 1156 2734 nom.
1181 2673 1265 2756 plur.
1292 2673 1460 2749 formatus,
1485 2671 1604 2735 desinit

343 2779 377 2842 in
400 2799 463 2855 ors,
488 2777 664 2840 secundum
688 2789 857 2861 utramque
880 2775 1066 2838 flexionem.

430 2881 566 2944 Dativus
590 2893 623 2942 et
647 2879 805 2943 ablativus
831 2880 964 2964 pluralis
987 2879 1020 2942 in
1045 2901 1094 2944 om
1119 2877 1310 2962 regulariter
1334 2901 1456 2941 anom.
1486 2879 1604 2963 plurali

345 2993 498 3048 formatus
533 2984 589 3068 (de
625 3006 688 3068 quo
712 3006 782 3068 sup.
807 3005 879 3067 pag.
904 2985 956 3066 50,
979 2983 1047 3065 51),
1072 2983 1250 3045 secundum
1281 2983 1492 3045 recentiorem
1525 3004 1603 3044 vero

343 3088 517 3151 flexionem
542 3088 655 3150 similis
680 3099 729 3150 est
751 3087 962 3149 nominativo.

431 3191 644 3254 Accusativus
669 3203 701 3252 et
723 3203 826 3252 vocat.
851 3191 1017 3275 utriusque
1040 3189 1167 3252 numeri
1191 3188 1312 3251 similes
1335 3189 1544 3252 nominativo.

818 3432 1128 3516 Paradigmata.

493 3587 584 3642 Florio
602 3589 750 3658 Antiquior.
1121 3587 1211 3642 Flexio
1229 3586 1378 3657 Antiquior.

433 3677 521 3762 Sing.
1087 3676 1176 3761 Sing.

345 3781 439 3843 Nom.
463 3783 594 3863 quiana,
618 3781 709 3862 tofta,
732 3780 841 3844 traria
1004 3782 1136 3862 quiana,
1161 3782 1251 3862 tastu,
1267 3779 1391 3862 lauricio.

344 3882 422 3948 Gen.
447 3886 592 3965 quianon,
617 3885 719 3965 testor,
743 3884 864 3947 ltirltt'oa
1003 3885 1153 3964 arrianas,
1177 3885 1285 3966 testea,
1310 3882 1443 3965 ltprltius

344 3987 425 4064 Dat,
450 3986 525 4050 Abi.
550 3989 678 4069 quittae,
698 3989 785 4070 iudo,
808 3987 911 4052 ktrlrio
1004 3989 1136 4068 quiana,
1161 3989 1251 4070 tcflc,
1276 3987 1392 4070 tyrtta

344 4093 474 4173 Aecus,
498 4089 578 4152 Voc.
603 4089 671 4153 sim.
696 4113 780 4153 nom.
1007 4091 1077 4154 sim.
1102 4113 1187 4155 nom.

431 4227 517 4290 Plur.
1091 4227 1179 4291 Plur.

343 4331 438 4394 Nom.
462 4333 608 4414 quietior,
633 4333 738 4413 tcflcr,
762 4332 886 4395 kirltt'or
1005 4333 1152 4415 quietior,
1174 4332 1279 4412 tuflor,
1303 4329 1435 4411 lyricior

343 4434 423 4498 Gen.
447 4437 612 4517 qrttaaors,
636 4436 759 4517 tcflors,
783 4435 924 4499 ltirltiora
1005 4437 1161 4518 quietiora
1184 4435 1308 4514 tcflors,
1333 4433 1483 4513 lyris-iore

343 4537 426 4622 Dat,
439 4539 515 4603 Abl.
532 4542 693 4622 quianam,
709 4541 827 4622 rafiam,
846 4539 984 4604 ltirltt'om
1006 4541 1154 4621 quatuor,
1179 4538 1285 4620 testor,
1309 4537 1441 4620 ltprltior

342 4644 434 4726 Aac,
457 4641 538 4712 Voc.
562 4644 630 4712 sim.
655 4665 740 4711 nom.
1004 4642 1073 4710 sim.
1097 4663 1184 4708 nom.
