3674 5694
681 469 781 529 Tertia
804 467 983 528 Declinatio.

686 657 793 722 Tertia
816 657 984 722 Decliuatlo

634 775 781 838 Formae
815 775 1031 839 Absolutae.

290 877 350 940 Est
372 879 619 941 masculinorum
646 891 679 942 et
693 878 922 942 femininorum
939 879 972 941 in
991 900 1214 963 quamcunque
1231 888 1460 940 consonantem

204 979 432 1056 desinentium,
456 982 690 1045 nominativum
713 983 871 1067 pluralem
896 982 1104 1045 formantium
1123 982 1248 1066 adjecto
1264 1001 1304 1046 ur
1321 979 1360 1044 ad
1376 1002 1461 1042 nom.

204 1084 410 1168 singularem.
456 1085 619 1148 Desinunt
642 1098 749 1150 autem

290 1188 1462 1274 Masculinainbdfffplalmuprslttavelinquorum

204 1291 355 1377 exempla
378 1292 471 1376 plura
492 1294 658 1379 proposita
680 1307 755 1357 sunt
777 1316 848 1379 sup.
873 1315 944 1379 pag.
969 1296 1020 1358 41.

290 1395 462 1460 Feminina
484 1398 518 1460 in
541 1401 640 1483 ulfy
662 1399 683 1464 lt
706 1401 771 1465 lm
792 1421 815 1464 a
831 1421 858 1482 p
879 1421 898 1463 r
920 1419 938 1463 s
960 1404 1027 1478 tx;
1044 1421 1181 1484 quorum
1199 1397 1350 1483 exempla
1366 1397 1463 1459 etiam

204 1499 323 1564 tradita
346 1523 415 1586 sup.
439 1524 515 1587 pag.
538 1504 590 1566 41.

290 1603 358 1668 NB.
405 1604 556 1683 Quaenam
592 1618 699 1670 autem
735 1606 921 1684 masculina,
945 1629 1089 1691 quaenam
1113 1607 1270 1670 feminina
1293 1605 1367 1682 sint,
1391 1625 1464 1688 cog-

204 1707 293 1770 nosci
328 1707 426 1771 debet
452 1709 556 1771 modis
581 1733 677 1794 supra
701 1710 869 1794 expositis,
894 1710 934 1772 de
958 1732 1078 1794 genere
1102 1710 1267 1774 nominum
1292 1707 1464 1771 substanti-

204 1833 317 1874 vorum
342 1813 577 1896 cognoscendo,
601 1836 674 1898 pag.
700 1816 738 1876 27
764 1826 798 1876 et
820 1835 908 1898 seqq.

291 1913 461 1978 Genitivus
495 1915 665 2002 singularis
700 1915 858 1980 formatur
891 1916 1092 2001 regulariter,
1119 1913 1229 1978 addito
1263 1937 1281 1980 s
1310 1915 1349 1978 ad
1377 1937 1464 1978 nom.

204 2017 413 2103 singularem.

290 2122 425 2185 Dativus
450 2135 482 2185 et
506 2123 664 2186 ablativus
689 2123 770 2208 sing.
816 2123 853 2186 Iu
879 2123 1063 2186 masculinis
1080 2121 1210 2209 quidem
1228 2121 1464 2208 (paucismodo

205 2227 365 2312 exceptis)
400 2227 577 2290 secundum
612 2228 825 2313 antiquiorem
855 2227 1030 2290 flexionem
1066 2226 1185 2289 desinit
1208 2226 1240 2288 in
1266 2248 1291 2301 e,
1315 2227 1348 2289 in
1371 2225 1466 2289 femi-

204 2330 289 2392 ninis
325 2352 401 2394 vero
436 2332 550 2394 similis
586 2345 635 2395 eat
669 2331 878 2406 nominativo,
918 2330 1096 2394 secundum
1135 2330 1349 2394 recentiorem
1388 2352 1465 2392 vero

204 2432 381 2496 flexionem
405 2449 468 2498 tam
493 2436 525 2497 in
551 2435 747 2518 masculinis,
760 2457 855 2519 quam
880 2434 1044 2496 femininis
1061 2434 1174 2496 similis
1192 2447 1239 2496 est
1256 2433 1466 2498 nominativo.

289 2537 365 2600 Not.
411 2538 569 2616 Quoniam
603 2561 699 2624 supra
734 2539 773 2600 de
809 2538 1002 2601 formatione
1032 2537 1134 2600 dativi
1156 2537 1237 2622 sing.
1263 2537 1330 2600 haec
1351 2538 1465 2621 regula

205 2652 254 2702 est
277 2641 404 2717 omissa,
428 2641 480 2704 hio
503 2642 654 2727 exempla
676 2641 832 2704 nonnulla
855 2640 895 2704 ad
920 2663 989 2703 earn
1007 2641 1257 2704 confirmandam
1275 2653 1350 2704 sunt
1366 2641 1465 2704 addu-

205 2744 317 2828 cenda,
351 2768 421 2830 quae
453 2747 486 2808 in
521 2745 647 2830 legibus
681 2745 800 2808 nostris
833 2743 1017 2829 frequentia
1040 2758 1221 2820 occurrunt,
1245 2745 1467 2830 frequentiora

205 2861 312 2912 tamen
337 2849 481 2932 ablativi,
504 2872 600 2934 quam
624 2849 735 2912 dativi.

293 2953 545 3016 Masoulinorum
580 2953 709 3016 dativus
743 2953 776 3015 in
811 2975 837 3017 e.
883 2952 963 3015 0.3
997 2951 1093 3036 Ting.
1118 2952 1186 3014 LL.
1207 2953 1302 3035 qiswt'
1323 2952 1467 3034 kouuwe

205 3062 299 3121 muto.
345 3056 380 3120 C.
409 3058 447 3120 10
471 3057 552 3142 Byg.
577 3057 644 3119 Lu.
665 3058 731 3121 adli
753 3055 872 3120 auctu
893 3056 1028 3120 cadram
1051 3076 1175 3119 murrae.
1200 3056 1234 3118 C.
1249 3055 1465 3140 45Byg.LL.
1575 3121 1580 3124 .

205 3161 294 3224 ledele
321 3161 413 3225 bledla
437 3162 505 3225 tuta
521 3173 594 3241 etc,
610 3181 699 3225 enom
721 3165 807 3224 clerte
830 3157 865 3222 C.
890 3160 929 3220 27
956 3181 1001 3242 pr.
1027 3157 1130 3243 Bygg.
1154 3159 1221 3222 LL.
1246 3158 1420 3223 Ablativus
1432 3159 1465 3222 in

204 3285 231 3346 e,
260 3276 296 3326 ut
318 3264 369 3346 aff
386 3263 539 3346 tortusue,
561 3266 575 3328 ι’
596 3263 720 3346 cleophe,
744 3263 814 3327 med
838 3263 947 3344 pilade,
971 3263 1061 3328 media
1083 3263 1168 3339 edbe,
1190 3262 1203 3326 ι’
1225 3263 1313 3340 dicre,
1336 3265 1349 3327 ι’
1370 3263 1466 3346 teylae,

205 3368 295 3434 nredb
317 3368 415 3442 dome,
435 3368 525 3433 raedh
546 3367 647 3450 bdate,
670 3367 760 3432 meda
783 3367 897 3449 laeswe,
921 3369 934 3430 ι’
956 3367 1032 3442 alde,
1057 3367 1108 3448 aff
1125 3367 1240 3449 ltldppc
1263 3379 1323 3430 etc.

292 3471 537 3534 Femininorum
561 3471 720 3534 ablativus
744 3469 858 3532 similis
881 3469 1091 3532 nominativo.
1137 3470 1171 3534 O.
1208 3472 1227 3534 5
1258 3470 1337 3555 Byg.
1361 3471 1467 3536 Lini

205 3582 311 3658 tompt,
345 3575 396 3658 aff
413 3595 539 3640 cauare
561 3575 643 3639 suda
665 3574 700 3637 0.
727 3575 766 3636 14
790 3571 861 3635 eod.
909 3571 1015 3655 Idap
1038 3572 1073 3636 C.
1098 3577 1136 3638 41
1163 3573 1233 3637 eod.
1281 3572 1416 3639 Iwaula
1438 3598 1466 3638 c.

206 3683 223 3742 7
259 3677 351 3742 Erfd.
374 3679 440 3742 LL.
488 3677 513 3742 1
530 3683 612 3759 adop
635 3700 662 3741 c.
688 3679 727 3740 12
750 3675 854 3758 Erfd,
878 3675 919 3738 35
943 3675 1024 3760 Byg.
1049 3676 1117 3740 LL.
1164 3675 1189 3740 1
1205 3680 1398 3760 stdmpaa'ap.
1447 3678 1469 3742 1

205 3783 325 3863 aumpd
359 3804 420 3865 aya
454 3805 481 3846 c.
516 3782 558 3846 33
592 3781 687 3866 Ting.
734 3780 758 3844 I
781 3780 862 3864 Jord
883 3805 909 3845 c.
936 3782 976 3847 10
1000 3779 1079 3844 Gift.
1126 3779 1257 3846 ISolta
1280 3803 1305 3844 c.
1334 3783 1348 3842 l
1374 3779 1465 3845 Kirk.

207 3885 340 3950 Isaura
360 3888 502 3968 udraiaq
524 3908 550 3948 e.
575 3886 616 3950 35
639 3885 714 3948 Flds.
739 3885 805 3949 LL.
830 3887 920 3951 medla
941 3905 1025 3966 awep
1050 3907 1076 3946 c.
1100 3884 1119 3947 8
1140 3883 1247 3968 hogm.
1278 3883 1344 3947 LL.
1376 3885 1467 3949 meat

203 3990 309 4072 prudlv
342 3989 398 4054 orb
412 3989 522 4071 fridh,
545 4011 572 4052 c.
597 3990 616 4051 6
642 3989 708 4052 KB.
733 3990 800 4054 LL.
848 3989 874 4054 I
890 3990 939 4054 tlte
962 3987 1045 4054 suala
1068 4010 1096 4051 c.
1120 3988 1173 4051 29.
1220 3987 1245 4050 I
1253 3988 1351 4070 fridb
1374 4011 1400 4051 c.
1425 3989 1465 4051 31

208 4092 280 4158 eod.
304 4093 393 4157 medlv
416 4093 567 4173 fijande.
591 4093 611 4154 3
635 4091 725 4154 Kirk.
749 4107 810 4156 eto.
1200 4081 1206 4093 ’

294 4198 412 4260 Aecus.
437 4209 470 4259 et
492 4207 596 4260 vocat.
620 4196 741 4258 similes
764 4196 964 4259 nominativo
988 4195 1020 4258 in
1045 4208 1180 4279 utroque
1204 4219 1347 4259 numero.

293 4298 463 4362 Genitivus
496 4299 628 4383 pluralis
662 4300 819 4362 formatur
852 4299 1053 4383 regulariter,
1088 4298 1198 4361 addito
1233 4311 1356 4362 tanturn
1387 4299 1467 4362 aad

208 4402 443 4466 nominativum
469 4404 636 4488 pluralem.

298 4507 431 4570 Dativus
465 4521 498 4569 et
521 4507 679 4571 ablativus
703 4506 835 4592 pluralis
859 4506 979 4569 desinit
1002 4507 1034 4568 in
1058 4527 1108 4570 om
1130 4505 1350 4590 formaturque
1374 4527 1467 4591 regu·

208 4614 318 4677 lariter
353 4625 476 4677 mutato
499 4633 539 4678 ur
562 4611 754 4679 nominativi
776 4612 859 4702 plur.
883 4611 918 4677 iu
940 4631 990 4676 om
1012 4610 1065 4700 (ut
1087 4631 1158 4695 sup.
1182 4631 1255 4695 pag.
1280 4609 1332 4694 50,
1355 4611 1394 4675 51
1419 4623 1469 4676 est

209 4720 393 4808 traditum).
