3674 5694
708 477 752 538 Dc
776 477 919 538 Articulo.
1393 479 1432 538 17

185 693 223 738 cn
255 691 341 754 man,
369 691 408 736 cn
435 668 577 752 boucam
614 670 647 731 in
685 665 843 732 feminino
875 687 914 731 ea
946 665 1136 749 menalchio,
1171 687 1209 732 ert
1237 668 1379 749 quinam
1413 666 1446 730 in

185 787 300 840 neutro
323 780 365 840 etl
387 775 465 856 tiny,
488 778 530 837 etl
551 772 649 836 dicar
672 784 733 834 etc.

272 877 341 942 NB.
387 875 619 940 Consideretur
642 873 791 959 amplius,
815 896 854 936 an
878 873 921 936 sit
942 873 1116 960 peculiaris
1140 871 1313 936 articulus?

272 981 347 1045 Not.
370 999 391 1044 1.
437 978 601 1061 Quamvis,
635 978 684 1040 uti
718 977 851 1055 dictum,
882 978 1106 1063 singularitem
1129 977 1276 1042 involvat
1298 977 1351 1042 hic
1374 975 1448 1040 arti-

187 1086 289 1169 culus,
312 1105 415 1169 eoque
439 1105 511 1146 cum
535 1081 665 1144 nomine
688 1081 847 1144 numerali
870 1103 918 1158 en,
955 1087 997 1146 etv
1029 1081 1202 1146 conveniat
1225 1081 1317 1155 adeo,
1343 1092 1381 1144 ut
1407 1101 1449 1143 ex

187 1211 226 1253 eo
255 1187 413 1272 originem
437 1185 563 1249 trahere
586 1185 751 1261 videatur;
775 1197 883 1248 tamen
897 1185 936 1248 ab
951 1173 993 1247 ec
1003 1199 1053 1248 est
1064 1185 1221 1248 diversus.
1246 1185 1330 1248 Nam
1343 1183 1449 1269 primo

188 1292 307 1376 absque
342 1290 440 1353 etiam
475 1289 563 1352 omni
597 1288 829 1352 numerationis
865 1302 1015 1374 respectu
1045 1288 1229 1352 nominibus
1253 1288 1449 1374 applicetur:

188 1394 306 1458 deinde
341 1417 383 1456 ex
417 1393 514 1478 genio
549 1405 582 1456 et
610 1414 670 1455 usu
694 1391 813 1476 linguae
836 1405 953 1456 nostrae
976 1393 1175 1479 peculiarem
1198 1391 1359 1477 quandam
1384 1412 1449 1454 em·

187 1497 302 1584 phasin
325 1497 477 1574 involvit;
501 1508 538 1559 ut
560 1517 633 1559 cum
657 1495 812 1560 dicimus:
836 1519 875 1561 en
896 1517 982 1574 man,
1005 1497 1071 1561 hoa
1091 1501 1132 1562 dr
1153 1517 1192 1561 ea
1209 1517 1295 1579 mcc,
1311 1517 1350 1560 ea
1365 1495 1449 1570 karl,

188 1623 226 1667 en
248 1602 360 1666 slalclt
382 1613 455 1676 etc..
478 1623 516 1666 en
538 1599 684 1683 anderliq
704 1601 809 1683 pedm
843 1621 881 1665 en
903 1606 1013 1684 tropea
1034 1606 1117 1677 coda,
1141 1622 1180 1666 ec
1202 1600 1292 1666 blind
1312 1620 1389 1664 mcc
1409 1603 1451 1664 dr

189 1727 228 1772 ert
250 1705 400 1788 dlendiplt
422 1725 498 1770 mon
521 1716 582 1768 etc.

275 1809 351 1872 Not.
367 1827 403 1872 11.
448 1807 552 1871 Probe
573 1808 821 1893 distinguendus
839 1821 889 1872 cst
905 1806 959 1871 hic
975 1809 1128 1871 articulus
1145 1830 1164 1870 a
1185 1807 1377 1892 pronomine
1401 1827 1448 1882 en,

189 1913 274 1998 quod
297 1925 389 1976 notat
414 1913 553 1996 quidam.
590 1911 636 1976 Ut
658 1913 691 1975 in
714 1911 764 1975 his
788 1911 1006 1976 locutionibus
1029 1933 1068 1977 en
1091 1911 1259 1994 layltltloolt
1273 1911 1449 1994 frc'ialadlte

189 2017 319 2094 honum
341 2039 379 2082 ec
401 2017 632 2100 contundebam
655 2038 693 2081 en
714 2037 790 2082 moa
811 2017 921 2100 ylerdc
943 2038 982 2081 ec
1004 2021 1091 2082 atuor
1113 2014 1450 2098 multimammiam

189 2143 229 2187 ea
250 2121 354 2204 rijlter
375 2141 452 2186 mac
475 2132 536 2184 elo.

277 2242 466 2306 Declinatur
490 2255 596 2305 autem
621 2241 667 2306 sic
690 2265 748 2328 per
771 2241 833 2306 tria
854 2263 984 2326 genera.

328 2345 465 2400 Masculin.
750 2345 879 2400 chinin.
1168 2344 1305 2400 Ncutmm.

191 2434 286 2499 Nom.
309 2456 358 2512 en,
381 2456 441 2500 ena
607 2455 656 2518 en,
679 2456 734 2500 een
1025 2439 1068 2498 ett
1089 2433 1158 2518 (vel
1181 2435 1235 2520 itt)

191 2536 299 2602 Genit.
322 2559 378 2604 ens
608 2559 674 2615 ece,
697 2558 770 2604 enea
793 2538 895 2623 (eene)
1024 2543 1076 2620 ett,
1112 2537 1166 2600 vel
1203 2544 1263 2604 etta
1300 2539 1449 2624 (Buraeus

1065 2641 1165 2726 ponit.
1188 2646 1271 2719 ests).

191 2744 298 2809 Dativ.
324 2766 412 2812 eccm
435 2745 502 2826 (vel
524 2745 578 2829 ea)
606 2766 671 2829 ene,
694 2767 771 2811 enne
1026 2766 1083 2810 eno
1105 2745 1276 2830 (Buraeus),
1299 2747 1398 2834 vulgo
1410 2755 1451 2814 ett

191 2852 309 2914 Aecus.
323 2871 362 2914 eu
378 2849 463 2928 (sim.
481 2853 581 2930 nom.)
605 2870 675 2926 eac,
699 2851 751 2913 vel
774 2871 829 2914 eea
1020 2855 1062 2914 ett

192 2952 306 3019 Vocat.
336 2966 433 3027 caret,
462 2975 520 3038 pro
550 2975 589 3016 eo

235 3056 366 3122 adverb.
388 3057 415 3120 ὃ,
610 3068 698 3120 caret
716 3079 774 3142 pro
791 3079 830 3120 eo
842 3057 1004 3122 adverbci
1027 3070 1123 3122 caret.
1148 3057 1278 3123 adverb.
1302 3058 1329 3122 ὂ.

194 3161 302 3225 Ablat.
348 3161 448 3239 medic,
493 3161 549 3243 aff,

235 3286 323 3330 enom
347 3266 418 3350 (ec)
610 3264 772 3347 medlauff,
784 3286 849 3349 ene,
861 3266 913 3330 vel
926 3287 1003 3331 ecce
1027 3265 1134 3344 rnedh,
1159 3264 1211 3342 aff,
1234 3287 1290 3331 eac
1313 3267 1365 3329 vel
1388 3273 1429 3332 ett

279 3385 361 3450 Cum
385 3386 525 3449 nomine.

334 3488 471 3543 Masculin.
751 3487 882 3542 Feminin.
1169 3489 1306 3544 Neutrum.

193 3577 288 3642 Nom.
311 3599 350 3644 ec
371 3599 448 3643 mou
610 3599 665 3644 eea
686 3580 809 3661 quinne
1041 3584 1082 3643 ctt
1105 3580 1173 3661 tiraq
1196 3579 1265 3663 (vel
1288 3580 1342 3662 ut)

194 3679 302 3746 Genit.
325 3703 363 3746 en
384 3703 478 3748 mona
607 3703 671 3761 cae,
701 3683 754 3744 vel
776 3703 849 3747 cena
871 3683 1007 3764 quianon
1035 3688 1077 3747 ett
1098 3685 1192 3764 tinus.

194 3786 267 3850 Dat.
290 3808 380 3852 enom
401 3808 478 3852 mac
500 3789 581 3872 (cte)
614 3807 670 3851 cae
691 3789 809 3869 quiaao
914 3825 917 3832 ,
1037 3792 1078 3851 ett
1100 3789 1167 3869 tiraq
1183 3787 1291 3872 vulg03
1306 3787 1452 3872 (Buraeus

1077 3873 1144 3938 eno*
1159 3875 1257 3958 tiapc)

195 3979 312 4042 Accus.
335 3998 373 4044 ec
395 3997 471 4043 onoc
611 3998 672 4042 cca
693 3978 810 4060 quinne
1025 3982 1067 4042 ett
1089 3979 1155 4062 tiraq

195 4081 308 4147 Vocat.
333 4082 350 4145 ὂ
373 4102 450 4147 mac
611 4080 775 4164 duniaco
1026 4081 1044 4145 ὃ
1067 4083 1135 4164 tinq

195 4186 306 4251 Ablat.
324 4187 425 4264 medic,
443 4187 590 4270 affectem
931 4239 937 4250 .
1027 4187 1127 4269 medic,
1149 4188 1205 4272 off,
1234 4195 1275 4254 etl
1297 4192 1375 4273 trop,
1398 4209 1454 4254 eno

613 4236 713 4314 raedh,
737 4237 783 4319 off
805 4259 860 4302 ene
881 4257 1000 4319 quince
1092 4291 1097 4302 .
1154 4313 1156 4320 y

237 4310 312 4354 mcc
1072 4294 1166 4372 tangre.

281 4409 350 4472 NB.
397 4407 460 4472 Hic
494 4409 646 4473 articulus
670 4423 719 4473 est
742 4409 908 4474 absolutus
942 4410 1080 4497 ideoque
1115 4409 1291 4474 flexionem
1315 4411 1454 4497 aliquam

196 4513 228 4576 in
264 4513 367 4576 forma
400 4514 582 4597 respectiva
611 4536 674 4576 non
710 4514 863 4578 admittit.
908 4515 1094 4578 Cavendum
1118 4515 1228 4600 igitur,
1252 4537 1292 4577 ne
1316 4515 1455 4578 nominis

196 4617 371 4682 numeralis
394 4616 493 4680 flexio
517 4617 549 4680 in
573 4617 677 4682 forma
700 4619 881 4706 respectiva
905 4641 976 4683 cum
1002 4619 1062 4684 hoo
1078 4621 1213 4684 articulo
1230 4619 1454 4684 confundatur.

274 4739 422 4780 sanatum.-
442 4735 582 4780 anamma
594 4737 697 4781 Svscaaa.
1370 4724 1386 4778 2
