3674 5694
348 511 390 569 40
677 509 725 568 Er.
752 510 903 568 Aurivillii
927 511 1122 570 Grammatico
1146 513 1282 571 Svecana.

350 693 484 758 bandua.
531 692 582 756 lbi
606 693 691 756 enim
724 715 807 779 saepe
832 693 992 758 omittitur
1013 717 1046 773 a,
1072 707 1108 758 ut
1130 695 1188 759 inf.
1215 697 1349 781 patebit.
1384 697 1477 762 Conf.
1502 712 1611 763 tamen

352 808 385 859 et
408 795 575 860 considera
598 819 666 882 cap.
692 797 741 861 26.
769 798 849 880 Τέως)
871 798 956 862 'cridla
979 799 1091 877 botida,
1106 800 1193 882 frdtt
1216 800 1327 865 boucla.

435 899 491 982 De
515 899 777 964 Nominativo
800 901 969 966 Plurali.

435 1003 601 1088 Praecipua
628 1015 661 1066 et
677 1003 817 1067 maxime
835 1005 986 1068 notabilia
1002 1005 1168 1068 nominum
1186 1005 1460 1070 substantivorum
1476 1007 1610 1070 inflexio

343 1106 547 1192 'variatioque
583 1105 620 1170 fit
642 1108 675 1170 in
701 1107 900 1170 nominativo
924 1108 1051 1193 plurali,
1082 1130 1123 1171 ex
1146 1133 1209 1194 qua
1232 1108 1416 1172 differentia
1437 1111 1522 1174 inter
1546 1135 1611 1174 ma·

349 1210 556 1289 sculinorum,
580 1209 809 1274 femininorum
827 1224 859 1273 et
877 1223 1064 1274 neutrorum
1080 1211 1255 1276 flexionem
1274 1237 1329 1276 seu
1349 1214 1609 1291 declinationem,

348 1315 510 1400 praecipue
545 1313 810 1400 deprehenditur,
845 1337 917 1378 cum
952 1315 985 1377 in
1017 1316 1139 1378 caeteris
1164 1316 1289 1380 casibus
1312 1317 1381 1380 fere
1406 1317 1609 1381 conveniant.

349 1419 453 1498 Quare
489 1430 522 1482 et
551 1441 611 1502 ego
635 1418 887 1483 declinationum
919 1417 1158 1482 distinctionem
1184 1444 1220 1484 ac
1243 1443 1412 1484 numerum
1437 1443 1479 1484 ex
1502 1423 1609 1486 termi-

348 1523 479 1586 natione
514 1523 602 1586 varia
635 1522 828 1586 nominativi
860 1522 993 1608 pluralis
1029 1523 1096 1608 peti
1130 1547 1224 1610 posse
1259 1525 1405 1592 arbitror.
1461 1526 1608 1605 Quonam

348 1639 454 1690 autem
479 1639 573 1712 pacto
597 1637 670 1712 post
693 1626 840 1712 pluribus
865 1638 1047 1712 exponetur
1068 1650 1142 1713 pag.
1168 1630 1218 1692 52.

433 1731 660 1793 Nominativus
684 1729 828 1814 pluralis,
851 1731 904 1793 vel
926 1744 1035 1793 manet
1058 1731 1172 1794 similis
1196 1755 1281 1795 nom.
1299 1733 1465 1818 singulari,
1482 1733 1533 1796 vel
1553 1757 1608 1818 per

348 1835 561 1899 mutationem
586 1834 725 1918 aliquam
750 1833 789 1896 ab
813 1855 851 1896 eo
875 1833 1042 1897 formatur.

434 1939 472 2001 In
496 1937 640 2011 vocibus,
659 1960 729 2022 quaa
751 1937 927 2000 flexionem
951 1939 1089 2023 aliquam
1114 1939 1147 2001 in
1171 1963 1255 2004 nom.
1281 1941 1398 2026 plurali
1423 1942 1607 2024 admittunt,

346 2043 504 2106 formatur
526 2041 582 2104 ille
607 2040 715 2104 addita
738 2041 964 2104 terminatione
988 2042 1121 2126 pluralis
1146 2043 1185 2106 ad
1208 2045 1442 2108 nominativum
1468 2045 1607 2130 singula·

346 2169 430 2222 rem3
455 2168 524 2230 quae
548 2157 597 2208 est
619 2167 669 2221 ar,
693 2144 813 2226 valer,
837 2145 890 2206 vel
912 2165 958 2209 or.

431 2249 500 2314 NB.
547 2249 585 2311 ln
613 2248 728 2333 quibua
753 2260 860 2310 autern
884 2247 1017 2310 vocibus
1042 2261 1169 2312 maneat
1192 2249 1307 2313 similis
1331 2274 1416 2314 nom.
1441 2251 1606 2335 singulari,

344 2355 378 2417 in
412 2352 603 2438 quibusnam
638 2374 715 2414 vero
750 2350 891 2414 flectitur
925 2363 958 2414 et
991 2351 1030 2414 ab
1059 2352 1116 2416 illo
1141 2353 1308 2438 formatur,
1331 2354 1415 2417 infra
1438 2355 1503 2418 suis
1527 2355 1605 2418 locis

346 2457 493 2520 traditur.

432 2560 469 2623 ln
503 2559 562 2622 hac
596 2559 788 2622 formatione
812 2559 1002 2621 nominativi
1026 2559 1159 2644 pluralis
1182 2582 1246 2622 non
1270 2561 1373 2624 solum
1398 2558 1519 2624 ultimae
1543 2561 1606 2645 syl-

342 2663 432 2746 labae,
456 2662 513 2726 sed
537 2676 570 2725 et
593 2662 707 2746 prioris
732 2685 767 2725 ao
790 2662 951 2748 praecipue
975 2663 1133 2747 primariae
1161 2665 1280 2727 vocalis
1296 2665 1398 2750 ipsius
1414 2665 1606 2728 nominativi
1714 2657 1719 2664 „

345 2766 516 2852 singularis
541 2766 676 2829 mutatio
701 2765 762 2828 erit
785 2765 991 2830 attendenda.

432 2888 487 2951 Dc
511 2887 649 2950 Priore
676 2886 851 2970 Syllaba.

429 2993 468 3056 Iu
502 2991 664 3076 plerisque
698 2989 829 3075 quidem
853 2990 1037 3053 nominibus
1061 2991 1196 3054 variatio
1221 2991 1411 3055 nominativi
1434 2994 1604 3078 singularis

343 3106 468 3158 tantum
503 3093 539 3156 fit
573 3093 657 3156 circa
680 3092 788 3176 finem,
813 3115 851 3156 eo
875 3117 938 3178 quo
958 3097 1025 3176 jam
1049 3095 1288 3179 supradictum
1312 3109 1362 3158 est
1384 3097 1496 3160 modo:
1521 3121 1604 3182 quae·

343 3199 416 3261 dam
440 3211 547 3260 tamen
573 3197 669 3259 etiam
693 3197 725 3258 in
750 3197 856 3281 priore
879 3197 1003 3280 syllaba
1027 3197 1236 3260 mutationem
1261 3198 1435 3262 admittunt
1451 3201 1605 3264 videlieet

342 3301 501 3387 primariae
524 3300 644 3362 vocalis
668 3307 717 3379 (ut
739 3313 834 3363 vocat
857 3301 1095 3364 Celeberrimus
1118 3301 1266 3385 Buraeus)
1290 3303 1391 3386 ipsius
1414 3305 1604 3368 nominativi

343 3403 525 3488 singularis.
572 3403 674 3487 quue

430 3512 457 3570 l.
503 3507 567 3570 Vel
588 3506 756 3591 euphoniae
780 3507 915 3592 alicujus
937 3508 1050 3592 gratia,
1074 3509 1127 3571 vel
1151 3521 1274 3572 mutato
1294 3530 1316 3574 u
1337 3509 1369 3571 in
1390 3514 1422 3592 ci,
1438 3523 1474 3572 ut
1490 3513 1602 3586 brand,

340 3612 424 3697 plur.
448 3611 595 3687 lardariam
620 3634 678 3695 pro
702 3613 846 3677 brandur
868 3611 971 3696 (quod
994 3626 1101 3674 tamen
1118 3612 1213 3674 etiam
1232 3624 1281 3675 est
1297 3615 1490 3698 receptum),
1506 3615 1601 3692 hund,

341 3715 423 3800 plur.
446 3714 585 3791 triadem
608 3716 695 3790 tund,
713 3715 793 3796 plur.
812 3717 924 3779 tradar
933 3735 944 3793 ;
957 3714 1085 3798 [banda
1099 3716 1233 3800 b'o‘ndcr]
1244 3717 1283 3799 ¹);
1298 3722 1378 3800 nott,
1392 3717 1474 3801 plur.
1487 3723 1601 3794 titillor,

342 3831 375 3880 et
407 3817 627 3902 irregulariter
660 3840 746 3894 maa,
770 3819 852 3916 plur.
875 3823 983 3893 indua,
1007 3839 1100 3900 span,
1125 3819 1205 3902 plur.
1231 3823 1352 3901 aprina:
1388 3821 1441 3882 vel
1464 3821 1486 3884 ἀ
1510 3821 1542 3882 in
1570 3827 1602 3904 d,

340 3935 377 3982 ut
404 3922 490 4004 tdnp,
519 3921 601 4004 plur.
630 3927 757 4003 triopa&
786 3923 891 4004 stdup,
922 3921 1003 4004 plur.
1028 3926 1176 4004 storacem
1199 3924 1311 4005 apotoy,
1336 3924 1417 4008 plur.
1443 3931 1602 4007 springen

339 4025 411 4098 add,
445 4023 528 4107 plur,
563 4029 644 4088 addr
665 4025 718 4108 (nt
740 4023 861 4087 habent
884 4023 1029 4108 quaedam
1054 4025 1195 4108 dialecti,
1219 4026 1364 4110 quaedam
1387 4049 1465 4090 vero
1489 4027 1602 4090 dicunt

338 4127 435 4211 sddr)
468 4127 535 4205 tcta,
570 4127 652 4211 plur.
688 4131 771 4191 rtur.
819 4127 881 4190 Vel
910 4128 984 4192 oin
1008 4133 1035 4206 ὃ,
1060 4140 1095 4190 ut
1118 4130 1224 4212 bonde,
1248 4130 1332 4214 plur.
1357 4131 1491 4210 bilariam
1514 4132 1601 4213 boola,

339 4231 421 4315 plur.
445 4229 573 4308 libellam
586 4231 669 4314 foot,
693 4231 775 4314 plur.
790 4231 910 4313 follem
934 4237 1011 4314 root,
1036 4233 1118 4316 plur.
1142 4239 1257 4310 cottam
1279 4255 1346 4310 sou,
1366 4235 1447 4318 plur.
1465 4241 1601 4312 adonem

338 4333 430 4398 atodlt
463 4333 516 4395 vel
549 4333 652 4416 stadia,
688 4334 769 4418 plur.
805 4335 950 4399 stddber:
984 4335 1048 4398 Vel
1081 4358 1103 4400 a
1136 4337 1166 4397 in
1192 4341 1220 4418 ὃ,
1244 4349 1280 4399 ut
1304 4338 1385 4416 lurra,
1410 4339 1493 4423 plur.
1518 4341 1601 4415 ldss;

337 4457 440 4514 murra,
464 4437 548 4522 plur.
572 4441 666 4502 mdes.

411 4642 431 4713 Ι>
450 4645 514 4696 Star
531 4646 541 4695 i
559 4645 663 4698 kantan
683 4645 745 4708 med
765 4645 910 4710 anvisning
930 4650 973 4695 att
991 4647 1041 4697 htr
1059 4648 1179 4708 instattas
1198 4647 1208 4696 i
1227 4651 1331 4708 testeo.
1442 4645 1500 4725 th.
