3648 5696
361 483 419 540 108
686 483 732 538 llr.
760 483 909 539 Auriviltii
934 483 1130 539 Grammatico
1154 483 1291 541 Svecana.

495 663 632 717 Masculin.
949 664 1078 717 Feminiu.
1362 665 1500 719 Neutrum.

356 754 407 827 D,
423 753 496 818 Abl.
509 761 609 814 raiuom
626 759 719 815 betalcu
737 759 818 832 lapte
835 761 927 814 minue
949 759 1067 832 tilttyta
1090 761 1171 834 lapte
1236 762 1310 816 mino
1332 761 1480 816 sumladbo
1503 761 1584 834 lapte

356 857 434 918 Aoo.
459 863 535 917 mina
559 861 653 917 baraba
676 861 741 934 lapb
835 863 905 931 miju
928 861 1047 935 billr'plzu
1069 863 1135 936 laub
1235 865 1295 920 mitt
1317 862 1468 919 scmludba
1491 864 1556 937 toph

443 975 530 1039 Plur.

356 1083 395 1145 N.
420 1092 492 1146 mine
515 1090 604 1147 betsbe
627 1089 729 1162 laptor
836 1087 907 1140 crine
930 1085 1050 1160 tittiqtu
1073 1085 1169 1158 lagber
1234 1089 1306 1143 miae
1327 1088 1478 1144 saarludbd
1501 1089 1565 1162 lupb

357 1184 394 1248 G.
419 1193 496 1247 minet
519 1191 613 1248 batslcct
638 1191 755 1264 luplurs
837 1190 913 1244 mirra
937 1187 1055 1262 billr'plru
1078 1187 1195 1261 lapbdrs
1234 1192 1311 1245 mina
1334 1190 1481 1246 aamladlre
1504 1191 1584 1264 lapte

357 1285 588 1367 D.,Abl.mr'nom
601 1293 694 1351 batalia
708 1292 820 1366 lapbdm
837 1291 940 1346 mindae
963 1291 1081 1364 billipba
1105 1290 1217 1363 lophaim
1234 1293 1612 1367 mr'admsamludbulapbdm

355 1392 435 1451 Aac.
459 1398 535 1451 mino
559 1395 653 1452 betelon
676 1395 778 1469 lapbur
838 1395 913 1450 mino
937 1393 1055 1466 billr'plra
1079 1393 1176 1466 laplrer
1234 1397 1310 1451 minu
1333 1396 1483 1452 aumladlru
1506 1397 1571 1471 lapb

441 1509 510 1572 NB.
556 1509 652 1572 Plura
686 1507 906 1592 paradigmata
940 1531 1003 1570 non
1038 1507 1208 1591 subjungo,
1246 1509 1361 1592 partim
1391 1510 1431 1572 ob
1456 1511 1610 1574 rationem

355 1637 425 1699 sup.
449 1635 522 1698 pag.
549 1614 609 1678 103
634 1612 772 1702 allatam,
798 1611 913 1694 partim
939 1611 977 1673 ad
1002 1611 1164 1673 vitandam
1189 1612 1321 1675 nimiam
1345 1614 1575 1698 prolixitatem.

442 1717 497 1780 De
521 1716 767 1780 Recentiore
792 1715 1001 1779 Flexione.

442 1820 505 1883 Hic
539 1820 652 1882 eadem
687 1819 823 1882 recurrit
857 1817 1049 1895 observatio,
1084 1839 1154 1901 quae
1188 1818 1305 1881 tradita
1336 1831 1385 1882 ost
1407 1842 1503 1904 supra
1526 1821 1612 1904 (pag.

358 1926 432 2006 103)
467 1924 505 1986 de
529 1923 708 1986 recentiore
732 1922 874 1984 flexione
897 1923 931 1984 in
954 1921 1058 1983 forma
1081 1921 1240 1997 absolutam
1266 1919 1352 2006 quod
1375 1923 1529 1986 videlicet
1552 1923 1614 1986 alia

355 2028 397 2090 sit
430 2027 607 2091 secuudum
642 2049 735 2088 usum
770 2027 802 2088 in
838 2025 868 2088 S.
904 2024 1083 2088 Bibliorum
1109 2025 1267 2102 versione,
1293 2039 1325 2086 et
1348 2026 1418 2088 aliis
1442 2026 1532 2090 libris
1555 2027 1613 2088 im-

356 2131 474 2216 pressis
498 2131 551 2194 vel
575 2129 810 2214 manuscriptis,
824 2129 879 2214 qui
903 2127 1041 2190 eundem
1065 2141 1258 2212 sequuntur;
1283 2129 1345 2192 alia
1366 2129 1514 2193 hodierni
1538 2153 1613 2193 usus

354 2237 387 2296 in
410 2235 536 2320 vulgari
560 2255 707 2296 sermono
732 2246 764 2296 et
787 2233 972 2318 scriptione,
996 2254 1066 2315 quae
1090 2231 1187 2294 etiam
1210 2232 1243 2294 in
1268 2233 1406 2318 publicis
1430 2233 1558 2318 scriptis
1581 2247 1615 2296 et

354 2338 575 2401 instrumentis
605 2339 672 2421 jam
708 2338 809 2420 magis
847 2336 1043 2398 observatur.
1095 2335 1208 2414 Quoad
1243 2336 1330 2399 illam
1365 2337 1449 2400 sicut
1482 2337 1515 2400 in
1553 2338 1615 2400 ista

356 2441 468 2516 forma,
503 2441 548 2503 ita
582 2455 614 2504 et
636 2440 689 2503 hic
713 2439 873 2524 adjectiva
896 2440 928 2502 in
952 2439 1143 2524 quibusdam
1168 2439 1307 2525 obliquis
1331 2441 1456 2503 casibus
1480 2440 1614 2504 fleetun-

355 2560 416 2621 tur,
440 2545 537 2630 idqua
562 2567 676 2629 magna
704 2567 746 2605 ex
770 2555 859 2628 parte
883 2543 922 2606 ad
946 2565 1020 2605 eum
1046 2543 1187 2620 modurn,
1212 2566 1307 2628 quem
1331 2545 1364 2606 in
1388 2544 1615 2629 paradigmati-

355 2649 414 2712 bus
449 2649 514 2711 suis
549 2648 647 2710 tradit
680 2648 823 2710 Buraeus.
869 2646 981 2725 Quoad
1016 2645 1098 2709 hano
1133 2647 1301 2728 adjectiva,
1336 2648 1363 2710 si
1386 2663 1535 2711 concrete
1559 2671 1615 2732 po-

355 2766 481 2825 nantur,
516 2751 636 2836 absque
672 2750 873 2812 substantivo
899 2771 1052 2834 expresse
1083 2749 1203 2827 addite,
1234 2751 1267 2813 in
1290 2751 1436 2837 genitivo
1460 2751 1615 2836 singulari

356 2867 389 2918 et
412 2855 528 2940 plurali
551 2854 725 2918 flectuntur
748 2853 862 2915 eodem
886 2853 997 2928 modo,
1021 2853 1053 2915 in
1071 2854 1193 2916 caeteris
1210 2854 1336 2918 casibus
1352 2868 1460 2918 autem
1478 2855 1613 2917 multum

355 2959 495 3034 vacillat,
520 2959 616 3022 modo
641 2983 698 3044 par
721 2983 746 3042 e,
769 2958 865 3020 modo
889 2980 947 3042 per
970 2979 992 3020 a
1015 2979 1106 3019 casus
1130 2957 1282 3035 formans,
1306 2959 1333 3020 si
1357 2982 1434 3022 vero
1451 2982 1523 3022 cum
1541 2958 1614 3021 sub-

355 3063 494 3125 stantivo
529 3085 693 3147 expresso,
727 3084 833 3146 neque
867 3061 1046 3145 genitivum
1083 3084 1189 3124 casum
1229 3061 1341 3138 flectit,
1377 3077 1410 3126 et
1437 3064 1470 3126 in
1493 3065 1615 3126 caeteris

356 3166 495 3251 obliquis
518 3167 645 3230 casibus
668 3166 781 3229 itidem
807 3165 944 3227 multum
969 3165 1109 3229 vacillat.

851 3420 1149 3504 Paradigmata

656 3542 883 3606 Secundum
907 3565 1016 3606 usum
1040 3543 1079 3605 in
1103 3543 1133 3607 S.
1159 3543 1317 3606 Bibliis.

445 3667 471 3727 l.
519 3664 686 3748 Adjeotivi
710 3677 858 3728 concrete
882 3665 981 3750 positi
1004 3663 1123 3748 absque
1148 3664 1360 3728 substantivo.

652 3769 787 3822 Masculin.
807 3771 835 3822 et
852 3768 954 3822 Femin.
973 3785 1019 3822 seu
1038 3767 1189 3822 Communis
1208 3769 1321 3838 generis.

445 3855 499 3919 Sin
527 3905 534 3919 .
999 3857 1086 3920 Plur.

357 3960 451 4023 Nom.
474 3879 545 4023 thiu
568 3961 753 4042 rattfcrdiye
920 3961 969 4024 rte
991 3961 1187 4043 rdttferdipe,
1211 3961 1261 4025 tte
1282 3959 1382 4042 belipe
1406 3960 1486 4024 Dan.
1511 3964 1540 4024 7:
1564 3962 1617 4024 22.

359 4063 439 4127 Gen.
463 4063 552 4127 tbeus
574 4064 809 4145 rttrferttqas,
920 4064 969 4128 tlte
991 4065 1203 4149 rdttferda'pas

358 4167 430 4230 Dat.
454 4167 535 4231 them
556 4165 751 4248 rdttfcrdr'pa
916 4168 996 4233 them
1035 4169 1258 4250 rdttfevdipom
1298 4168 1403 4252 (diua)
1416 4169 1453 4252 ²),
1483 4169 1619 4250 beliyom

984 4272 1064 4334 Dan.
1090 4275 1120 4334 7:
1144 4273 1194 4334 22.

358 4380 437 4440 Aoo.
461 4375 533 4440 tbeu
554 4375 748 4458 rdttfcrda'pa
920 4375 969 4440 tbe
991 4376 1180 4458 rdttferda'pe

359 4480 435 4544 Abl.
459 4479 510 4562 aff
527 4479 608 4542 tbem
631 4478 825 4561 rdttferdr'pu
923 4479 974 4560 aff
991 4479 1041 4541 tte
1063 4479 1253 4563 rdttferdiue

432 4619 452 4683 ¹)
472 4621 542 4669 Psal.
565 4621 603 4669 16:
624 4636 647 4667 v.
669 4621 701 4668 10
719 4617 758 4668 ta'n
775 4616 864 4685 beline,
884 4621 943 4667 Act.
964 4621 987 4666 2:
1007 4635 1030 4666 v.
1053 4621 1083 4673 17
1103 4617 1142 4672 un
1159 4617 1254 4686 mltum

428 4705 451 4772 ²)
470 4709 515 4761 Ite
533 4707 594 4765 Joh.
616 4710 656 4762 13:
676 4709 709 4758 29
725 4705 811 4778 yafwa
829 4704 870 4766 tte
885 4703 996 4780 subigo.
