3648 5696
690 519 739 580 Er.
765 523 916 580 Aurivillii
941 521 1136 582 Grammatico
1161 521 1297 582 Sveoana.

836 705 1143 790 Paradigmata.

559 826 653 881 Florio
673 827 822 898 Antiquior.
1174 829 1323 884 Receulior.

448 914 537 1000 Sing.
1109 915 1198 1000 Sing.

359 1019 455 1083 Nom.
478 1021 632 1102 quianon,
656 1020 858 1084 meuaa‘sloiau
1022 1021 1176 1103 ortionem,
1199 1023 1400 1086 menuiskiou

360 1123 440 1187 Gen.
464 1126 636 1206 quincono,
660 1125 879 1189 menuislious
1023 1125 1194 1204 quincono,
1218 1126 1439 1190 menoiskiocs

362 1228 534 1312 Dat.,Abl.
559 1229 726 1310 quideme,
749 1229 964 1292 menoisliouo
1023 1227 1091 1290 sim.
1118 1251 1201 1295 nom.

359 1337 437 1397 Ace.
460 1333 531 1396 aim.
557 1355 641 1395 nom.
665 1333 859 1416 (quincono)
1024 1332 1093 1395 sim.
1118 1334 1203 1396 noin.

445 1489 533 1552 Plur.
1105 1488 1191 1552 Plur.

358 1595 451 1658 Nom.
475 1595 667 1675 columanno,
691 1591 932 1654 menuislo'oruo
1018 1594 1209 1674 colonomon,
1233 1593 1474 1657 menulskioroo

358 1697 437 1761 Gen.
461 1700 672 1780 qoinaornos,
695 1695 953 1760 menolslioruos
1018 1698 1225 1778 colonorum,
1249 1697 1507 1761 oeconomorum

359 1801 441 1880 Dat,
455 1801 531 1863 Abl.
545 1801 744 1882 colonomon,
757 1799 1004 1864 ntenuislo'omcu
1020 1799 1090 1862 sim.
1114 1822 1199 1863 nom.

357 1908 437 1968 Acc.
462 1905 533 1968 aim.
557 1925 642 1965 nom.
1023 1901 1092 1964 sim.
1117 1925 1202 1965 nom.

445 2025 513 2088 NB.
570 2023 632 2086 Pro
666 2021 811 2106 genitivo
845 2023 906 2084 istc
945 2022 1025 2106 sing.
1060 2023 1250 2106 regulariter
1284 2022 1422 2084 formato
1456 2024 1625 2104 quincono

359 2129 456 2193 etiam
492 2126 668 2190 secundum
699 2125 860 2209 antiquam
895 2125 1069 2218 flexionem
1100 2127 1237 2190 involuit
1259 2125 1424 2210 genitivus
1449 2126 1625 2188 anomalcis

358 2233 526 2306 formatus,
550 2231 724 2312 quianones
747 2229 803 2312 (de
827 2251 890 2312 quo
915 2229 1060 2314 pluribus
1084 2252 1153 2314 sup.
1186 2252 1257 2314 pag.
1288 2231 1354 2314 73),
1380 2230 1512 2314 antique
1528 2232 1624 2310 quin-

356 2357 443 2401 nouo
466 2357 493 2398 c.
518 2335 557 2398 12
582 2331 658 2395 Eds.
683 2332 749 2394 LL.
774 2347 835 2394 etc.

443 2437 512 2501 NB.
533 2455 568 2500 11.
612 2436 642 2498 N
645 2435 838 2498 ominativus
857 2448 889 2496 et
908 2436 1106 2498 accusativus
1123 2427 1187 2520 (hic'
1203 2436 1376 2521 praecipue)
1391 2436 1486 2498 aliam
1505 2435 1625 2500 flexio-

355 2565 429 2608 nem
453 2540 551 2604 habet
573 2553 609 2602 ut
631 2539 853 2603 mennislo‘ouo
876 2561 933 2622 pro
956 2540 1157 2604 ruenniskiou
1181 2562 1263 2624 saepe
1287 2539 1321 2602 in
1345 2539 1377 2604 S.
1401 2539 1528 2603 Bibliis.
1566 2540 1624 2604 Sic

356 2649 527 2728 sliuuyono
563 2647 578 2706 l
605 2641 689 2706 Sam.
719 2645 768 2705 17:
799 2665 828 2704 v.
852 2644 904 2718 40,
929 2644 1113 2724 chrumpowe
1135 2642 1212 2706 ibid.
1257 2643 1302 2706 Et
1324 2665 1408 2728 saepe
1432 2644 1465 2706 in
1490 2644 1626 2730 legibus

356 2749 482 2823 nostris,
507 2759 544 2810 ut
567 2747 716 2830 lycaone,
740 2745 909 2829 lrr'jslroum
932 2746 1056 2811 ledroua
1079 2759 1140 2810 etc.

441 2853 518 2916 Not.
553 2870 601 2913 111.
645 2851 682 2913 In
717 2871 802 2914 nom.
836 2849 953 2934 plurali
977 2848 1135 2911 omittitur
1158 2873 1222 2912 non
1245 2873 1315 2913 raro
1341 2851 1455 2914 ultima
1479 2851 1623 2935 syllaba,

354 2971 391 3020 ut
413 2958 461 3022 the
483 2957 588 3036 heliod
610 2955 757 3036 quicum,
782 2975 839 3037 pro
859 2955 1085 3036 quiuuoruo‚l
1110 2953 1178 3016 Pet.
1205 2955 1234 3018 3:
1259 2957 1287 3018 5.
1334 2954 1426 3017 Idem
1450 2955 1484 3017 in
1510 2978 1623 3020 accus.

355 3073 388 3124 et
411 3060 473 3124 abl.

835 3285 940 3348 Tertia
964 3282 1132 3346 [reclinatio

767 3438 916 3500 Formae
939 3435 1202 3520 Respectivae.

436 3596 497 3660 Est
529 3595 712 3680 respectiva
734 3592 868 3656 inflexio
892 3591 1056 3653 nominum
1082 3591 1183 3654 tertiae
1208 3591 1434 3656 declinationis
1459 3594 1622 3660 absolutae

347 3703 383 3772 ,in
408 3712 638 3763 consonantem
657 3696 885 3772 desinentium,
911 3693 1157 3757 mosculinorom
1181 3707 1213 3756 et
1235 3695 1477 3762 femininorum.

437 3803 600 3866 Nominat.
625 3801 707 3884 sing.
732 3799 822 3862 addit
844 3819 882 3862 eo
905 3797 944 3859 ad
967 3819 1051 3860 nom.
1076 3796 1270 3880 singularem
1295 3800 1491 3864 absolutum.

437 3905 607 3969 Genitivus
632 3905 713 3988 sing.
738 3902 828 3966 addit
851 3913 974 3962 tantum
998 3921 1014 3964 s
1038 3900 1076 3962 ad
1100 3923 1185 3963 nom.
1210 3901 1291 3986 sing.
1315 3901 1411 3986 hujus
1435 3904 1560 3973 formae.

438 4010 574 4073 Dativus
598 4021 631 4071 et
654 4007 748 4070 ablat.
775 4005 855 4088 sing.
873 4002 1049 4066 secundum
1065 4005 1277 4066 recentiorem
1295 4004 1472 4071 flexionem
1490 4010 1622 4076 similes

349 4128 423 4179 sunt
447 4109 801 4195 nominat.,secundum
827 4107 1038 4191 antiquiorem
1063 4129 1139 4169 vero
1162 4107 1346 4188 flectuntur,
1371 4125 1468 4198 atque
1493 4114 1527 4176 in
1547 4107 1622 4180 ina·

349 4217 482 4282 sculinis
517 4215 637 4278 desinit
672 4215 705 4275 in
738 4233 800 4294 om,
823 4224 859 4272 ut
882 4209 914 4271 in
939 4209 1041 4294 prima
1064 4209 1180 4273 declin.
1226 4212 1263 4274 ln
1287 4213 1455 4279 femininis
1480 4241 1561 4282 vero
1588 4222 1626 4284 in

347 4345 371 4395 e,
396 4335 432 4384 ut
455 4321 489 4383 in
506 4319 618 4405 'prima
632 4315 871 4378 “declinatione

434 4421 653 4487 Accusativus
677 4419 790 4481 similis
815 4439 899 4482 nom.
925 4415 956 4476 in
982 4429 1116 4500 utroque
1140 4439 1285 4483 numero.

433 4529 508 4592 Not.
556 4524 620 4588 Hic
655 4522 695 4584 de
730 4519 927 4584 Accusativo
963 4519 1073 4580 eadem
1110 4520 1266 4583 tradenda
1300 4525 1423 4607 regula,
1459 4552 1532 4614 quae
1558 4534 1624 4601 inf,

346 4631 463 4695 declin.
488 4641 602 4715 quarta
625 4637 675 4688 est
698 4624 845 4687 tradita*
870 4621 946 4685 Vid.
971 4621 1029 4684 NB
1052 4624 1090 4685 cd
1115 4624 1236 4688 calcem
1259 4625 1354 4712 hujus
1379 4629 1500 4701 declin.

436 4733 592 4804 Vocativo
616 4741 712 4794 caret.
