3674 5694
592 475 637 536 Dc
661 477 774 536 Genera
798 475 1063 537 substantivorum.
1435 473 1476 535 33

215 661 350 737 hunsla,
383 661 547 740 bacalum
583 662 689 738 stulu,
724 682 784 741 or;
812 661 925 744 lrrupa,
959 679 1017 738 ar,·
1043 661 1160 743 piaco,
1195 680 1256 740 ur,·
1271 682 1387 745 possa,
1417 683 1477 742 am·

215 767 315 849 buflo,
338 786 399 843 ur;
422 767 555 852 alroppa,
579 786 634 842 ur;
658 765 776 844 chullo,
799 786 840 828 ur
864 777 925 828 erc.
948 763 1135 826 masculina.

301 869 376 932 Not.
425 869 461 932 ln
486 868 608 932 caeteris
632 867 912 930 terminationibus
939 867 1104 930 nominum
1122 865 1396 930 substantivorum
1413 887 1478 928 non

216 973 364 1058 procedit
392 995 434 1035 ex
457 973 585 1036 diversa
606 973 667 1034 ista
690 971 916 1034 terminatione
940 970 1095 1034 nominat.
1117 970 1251 1055 pluralis
1279 969 1407 1054 generis
1431 969 1477 1031 di·

216 1076 422 1139 stinctionem
446 1089 569 1160 petere,
594 1097 665 1138 cum
689 1073 735 1136 ibi
758 1075 940 1158 promiscue
964 1073 1140 1138 masculina
1164 1085 1197 1136 et
1219 1073 1376 1136 feminina
1391 1095 1476 1136 nom.

217 1202 310 1241 suum
334 1180 493 1264 pluralem
517 1178 627 1241 formae
651 1177 805 1241 absolutae
828 1177 947 1240 faciant
970 1178 1003 1239 in
1027 1199 1076 1253 ar,
1102 1177 1154 1240 vel
1177 1199 1223 1254 er,
1246 1189 1280 1240 st
1295 1177 1387 1239 iuxta
1403 1199 1476 1239 eum

216 1283 450 1345 nominativum
486 1282 597 1345 formae
627 1281 782 1357 definitae3
806 1281 892 1365 quod
917 1281 1076 1366 exemplis
1100 1279 1263 1344 declarare
1287 1303 1351 1344 non
1375 1291 1477 1343 vacat.

304 1455 342 1518 In
365 1475 396 1522 e.
441 1455 631 1518 Desinentia
653 1455 687 1517 in
709 1477 736 1532 e,
760 1468 835 1518 sunt
858 1455 1045 1532 masculina,
1069 1456 1223 1533 utboude‚
1237 1456 1345 1538 yubbe.
1359 1455 1476 1531 stubba,

215 1561 321 1642 puisse,
352 1560 481 1638 frotario,
516 1563 692 1642 spdaaare,
726 1565 874 1634 morture,
898 1560 1039 1642 riddure,
1062 1560 1262 1634 altumaltum,
1286 1560 1476 1637 seruauere,

217 1665 367 1746 Skopa-rc,
400 1664 549 1744 irrupere,
577 1663 711 1728 rediture
734 1677 794 1725 etc.
841 1662 998 1747 Exceptis
1021 1663 1145 1725 neutris
1169 1663 1372 1748 quibusdam,
1396 1685 1476 1748 qum,

218 1768 246 1829 si
279 1767 486 1830 declinabilia
520 1779 604 1845 sunt,
640 1784 878 1850 cognoscuntur
901 1766 977 1828 sutis
1002 1788 1043 1828 cx
1066 1788 1134 1850 reg.
1158 1765 1302 1850 generali
1326 1765 1478 1843 secunda,

218 1894 314 1956 supra
342 1893 414 1955 pag.
445 1873 497 1954 31,
520 1870 762 1934 indeclinabilia
784 1892 861 1932 vero
886 1893 928 1932 ex
961 1892 1021 1932 usu
1044 1870 1129 1954 ipso:
1154 1893 1223 1955 quae
1246 1882 1354 1932 tamen
1377 1892 1479 1954 pauca

218 1989 303 2052 sunt,
332 1987 368 2038 ut
390 1976 480 2058 silke,
492 1976 566 2059 pile,
579 1977 675 2058 liano,
688 1975 765 2057 hyle,
779 1975 876 2057 lyciae,
887 1975 1014 2058 slutfflr,
1027 1975 1155 2039 smidlae.
1186 1973 1269 2037 Item
1283 1973 1394 2037 femin.
1406 1995 1476 2058 yae.

305 2147 343 2210 In
365 2151 411 2226 di.
455 2147 494 2209 ln
527 2147 553 2228 ij
587 2145 775 2210 desinentia,
801 2153 888 2227 (narn
918 2148 949 2210 in
974 2149 987 2211 a'
1009 2147 1150 2233 simplex
1172 2147 1229 2210 vix
1251 2146 1348 2209 hodic
1373 2146 1479 2231 aliqua

219 2251 371 2314 desinunt
394 2251 450 2314 sed
474 2251 638 2334 antiquata
661 2252 817 2335 quaedam,
842 2265 878 2314 ut
900 2253 1041 2316 landari
1064 2274 1122 2336 pro
1144 2251 1275 2328 liobrado,
1298 2263 1331 2314 et
1346 2250 1478 2329 similia)

220 2358 326 2418 omnia
359 2369 434 2418 sunt
457 2369 581 2432 neutra,
609 2357 726 2440 partim
750 2355 966 2438 dominabilis,
994 2368 1030 2418 ut
1053 2357 1108 2439 bij,
1128 2356 1200 2438 ylij,
1224 2357 1367 2439 speeora‘j‚
1390 2355 1478 2438 Skyl-

219 2463 304 2542 terat,
320 2461 455 2542 juqerr'j,
470 2459 627 2542 fdpdera'j,
641 2461 795 2543 yobherij,
813 2461 907 2538 skaal,
930 2461 1094 2543 slrryterij,
1118 2460 1312 2542 slrrymterij,
1339 2460 1478 2542 myterii

219 2565 350 2644 lrorerij,
372 2564 497 2646 fullerij
519 2575 580 2626 etc.

306 2667 381 2730 Not.
427 2667 501 2730 Non
524 2667 654 2732 videtur
677 2666 905 2746 necessarium,
929 2680 965 2728 ut
982 2665 1049 2729 baec
1068 2667 1247 2730 scribantur
1264 2691 1337 2730 cum
1353 2669 1388 2746 ii,
1406 2689 1477 2730 oum

221 2769 362 2833 sufficiat
394 2773 424 2848 a',·
452 2782 603 2834 accentus
626 2771 659 2833 in
682 2771 797 2833 ultima
819 2770 908 2852 facit,
942 2784 979 2833 ut
1012 2771 1025 2834 t'
1050 2769 1257 2854 producatur,
1283 2771 1339 2833 ubi
1366 2792 1479 2833 verum

221 2887 270 2937 est
291 2875 325 2936 in
348 2873 588 2958 propenultima
603 2877 615 2940 a'
631 2873 726 2937 finale
740 2874 920 2958 corripitur,
945 2873 1104 2949 Iuwadlri
1117 2896 1144 2936 c.
1158 2875 1208 2936 29.
1233 2875 1290 2956 §2
1314 2874 1397 2958 Byg.
1410 2873 1477 2938 LL.

308 3047 347 3110 ln
371 3067 411 3112 u.
456 3047 495 3111 In
517 3069 539 3111 u
561 3047 616 3110 vel
637 3067 681 3111 uu
703 3045 794 3109 finita
817 3047 924 3110 omnia
940 3061 1014 3110 sunt
1029 3047 1196 3124 feminina,
1213 3058 1250 3109 ut
1255 3047 1329 3128 fret,
1340 3047 1479 3132 jomfrta,

221 3157 325 3234 stupu,
349 3171 472 3234 amaya,
495 3173 587 3234 rapu,
603 3151 708 3233 flatura,
731 3150 890 3215 lastrcilru
914 3163 975 3214 etc.

308 3307 345 3370 ln
369 3315 407 3373 ἅ.
452 3306 568 3370 Omnia
591 3319 666 3370 sunt
691 3321 815 3384 neutra,
845 3318 881 3368 ut
903 3309 988 3389 tado,
1011 3305 1109 3384 aaut,
1123 3307 1201 3390 foui,
1218 3309 1303 3388 pidici
1327 3317 1387 3368 etc.
1474 3307 1475 3310 ’

309 3464 346 3526 ln
369 3467 403 3529 b.
448 3463 626 3526 Masculina
664 3461 732 3524 fere
767 3475 851 3539 sunt,
885 3470 922 3521 ut
954 3459 1064 3536 skuld),
1099 3463 1199 3540 blato,
1231 3462 1343 3546 arabi),
1377 3460 1481 3538 dludi),

222 3568 322 3642 slabb,
337 3567 415 3650 fibi),
438 3568 529 3632 stubi)
553 3581 613 3631 etc.
659 3567 785 3652 Elxcipe
814 3581 929 3630 neutra
951 3566 1106 3650 quaedam,
1130 3568 1247 3652 partim
1275 3564 1481 3630 declinabilia
1541 3575 1543 3579 ’

223 3684 259 3733 ut
293 3673 387 3748 lamb,
420 3683 453 3732 et
486 3670 513 3732 si
546 3693 616 3756 quae
640 3671 741 3755 plura,
771 3671 888 3756 partim
911 3669 1164 3748 indeclinabilia,
1188 3683 1225 3734 ut
1247 3670 1350 3744 (lamb,
1372 3669 1481 3746 slrubb,

223 3776 317 3854 alito,
340 3774 457 3840 strubi)
481 3789 542 3840 etc.

311 3879 388 3943 Not.
435 3879 548 3943 Potest
581 3879 694 3964 regula
726 3879 772 3941 ita
805 3879 1003 3964 generaliter
1037 3879 1123 3964 poni.
1170 3875 1208 3942 Iri
1242 3900 1273 3943 m
1303 3877 1484 3942 desinentia

224 3983 400 4046 masculina
423 3995 508 4062 sunt,
532 3983 674 4069 exceptis
697 3983 859 4045 nonnullis
883 3984 1005 4046 neutris
1029 3995 1066 4047 ut
1087 4004 1202 4060 rumam,
1224 3983 1319 4061 leem,
1344 3983 1423 4066 la'jut.

310 4087 501 4151 Derivativa
522 4087 555 4150 in
579 4088 659 4170 dom,
683 4087 716 4149 in
740 4087 816 4152 leelr.

309 4192 426 4255 Omnia
451 4203 526 4255 sunt
549 4192 734 4270 masculina,
763 4215 899 4276 quorum
923 4193 1075 4278 exempla
1096 4191 1201 4256 videri
1217 4203 1371 4278 poterunt
1389 4213 1484 4276 supra

226 4317 298 4382 pag.
323 4297 363 4358 24
387 4308 420 4359 et
442 4297 493 4360 25.

312 4399 500 4462 Derivativa
523 4399 556 4462 in
579 4399 654 4464 hoel.

312 4502 429 4566 Omnia
452 4515 527 4566 sunt
549 4503 714 4580 feminina,
744 4525 880 4589 quorum
897 4505 1049 4589 exempla
1065 4503 1237 4568 videantur
1253 4526 1322 4590 sup.
1342 4524 1413 4589 pag.
1433 4504 1484 4568 25.

314 4607 502 4670 Derivativa
524 4607 557 4669 in
580 4608 677 4672 ddme.

312 4710 430 4775 Omnia
452 4721 527 4774 sunt
548 4723 671 4774 neutra.
716 4711 879 4800 Exempla
901 4713 966 4776 vid.
990 4735 1060 4799 sup.
1084 4734 1157 4799 pag.
1179 4712 1231 4779 24.

304 4833 452 4874 rensuum.-
472 4830 612 4874 onmmuoa
626 4831 728 4876 svesans.
1402 4816 1419 4876 3
