3674 5694
684 459 733 520 Er.
758 459 910 520 Aurivillii
937 461 1134 521 Grammatico
1157 459 1293 521 Sveeana.

440 643 514 706 Not.
562 641 595 704 Si
619 664 751 706 casuum
775 665 927 706 numerus
951 665 993 706 ex
1017 644 1168 708 distincta
1184 646 1409 709 terminatione
1427 645 1617 710 statuendus

353 769 417 810 non
451 746 514 810 nisi
542 759 606 808 tres
637 769 728 810 casus
751 747 785 809 in
808 747 919 832 lingua
942 761 1050 810 nostra
1073 747 1279 824 habebimns3
1303 749 1369 812 imo
1392 750 1484 813 iuxta
1507 771 1616 812 recen·

353 850 468 914 tiorem
492 848 668 913 flexionem
691 873 756 913 non
779 850 842 913 nisi
865 849 955 924 duos,
984 863 1021 913 ut
1042 851 1100 914 inf.
1126 873 1168 914 ex
1183 852 1458 937 paradigmatibus
1480 864 1615 916 constat.

354 953 388 1018 Si
423 977 534 1018 verum
570 977 612 1017 ex
640 953 874 1039 significatione
911 955 1038 1018 diversa
1064 955 1147 1018 haud
1173 955 1270 1018 dubie
1295 980 1353 1019 sex
1375 969 1480 1035 erunt,
1505 970 1541 1020 ut
1563 957 1616 1020 hic

353 1058 506 1122 recensiti
529 1071 612 1121 sunt.
659 1057 753 1125 Conf.
782 1059 879 1122 etiam
903 1071 1014 1122 notata
1036 1058 1094 1122 inf.
1119 1078 1191 1144 pag.
1216 1061 1270 1137 38,
1294 1061 1345 1124 39.

589 1353 619 1416 7.
664 1353 719 1418 De
753 1351 1122 1418 Declinationibus
1157 1352 1377 1417 Nominum.

605 1529 631 1590 l.
668 1527 725 1590 De
750 1526 1108 1590 Declinationibus
1132 1527 1171 1590 in
1196 1527 1362 1590 Genere.

439 1683 621 1747 Declinatio
657 1697 706 1746 est
739 1683 873 1746 inflexio
897 1705 1013 1746 vocum
1048 1706 1105 1768 per
1129 1682 1338 1746 variationem
1363 1681 1525 1768 praecipue
1552 1699 1612 1744 ter-

352 1787 536 1850 minationis
561 1786 737 1849 secundum
763 1808 863 1864 casus,
887 1785 921 1849 in
943 1786 1067 1849 duobus
1095 1787 1247 1862 numeris,
1265 1786 1420 1870 singulari
1437 1803 1470 1848 et
1485 1786 1613 1871 plurali.

438 1891 513 1955 Not.
536 1910 558 1955 1.
604 1889 743 1953 inflexio
760 1912 816 1953 seu
830 1889 1003 1953 declinatio
1019 1913 1134 1954 vocum
1151 1890 1184 1952 in
1201 1891 1312 1976 lingua
1328 1889 1473 1953 Suecana
1489 1889 1613 1974 duplex

351 2009 415 2058 est:
440 1994 517 2057 Alia
541 1993 757 2078 antiquior,
782 1994 844 2056 alia
868 1995 1082 2058 recentior.

437 2099 514 2161 Illa
549 2097 666 2182 linguae
699 2097 831 2183 genium
851 2077 1005 2160 ‘exactius
1029 2098 1120 2182 sequi
1143 2098 1282 2176 videtur,
1307 2097 1382 2160 dum
1407 2098 1439 2160 in
1464 2097 1612 2183 pluribus

350 2201 476 2265 casibus
500 2200 675 2264 flexionem
699 2201 883 2275 admittens,
896 2223 960 2264 non
977 2200 1073 2263 modo
1089 2223 1180 2263 casus
1197 2205 1283 2286 ipsos
1299 2200 1414 2263 melius
1432 2200 1612 2286 distinguit,

350 2321 445 2391 atque
462 2305 508 2369 sic
532 2327 660 2368 sensum
684 2326 811 2390 quoque
836 2305 990 2390 cujusque
1015 2303 1167 2367 orationis
1192 2304 1359 2368 clariorem
1377 2303 1485 2368 reddit
1501 2304 1611 2382 (modo

350 2410 464 2473 tamin
481 2409 653 2494 loquendo,
671 2431 766 2494 quam
783 2409 953 2472 scribendo
970 2420 1118 2472 accurate
1135 2408 1339 2488 observetur)
1357 2408 1413 2471 sed
1431 2407 1527 2470 etiam
1549 2408 1611 2471 sin-

348 2514 495 2598 gularem
519 2512 679 2598 quandam
703 2511 895 2596 gravitatem
920 2525 1016 2596 atque
1040 2511 1207 2598 emphasin
1232 2535 1341 2575 secum
1364 2511 1472 2575 habet.
1503 2512 1612 2575 Hanc

350 2617 510 2703 posterior
536 2638 622 2691 usus,
649 2616 682 2678 in
709 2615 871 2700 loquendo
900 2615 1051 2700 primum,
1078 2615 1118 2679 ad
1134 2615 1313 2679 faciliorem
1330 2601 1448 2700 linguae
1472 2637 1611 2700 pronun-

350 2721 523 2784 ciationem
562 2719 754 2794 introduxit,
795 2719 991 2804 amputando
1034 2719 1211 2804 praesertim
1249 2719 1321 2782 illas
1356 2719 1611 2798 terminationes,

349 2847 419 2910 quae
443 2825 521 2887 olim
546 2821 585 2887 ad
610 2823 778 2885 meliorem
802 2845 933 2886 casuum
958 2822 1198 2887 distinctionem
1216 2822 1348 2885 fuerunt
1364 2823 1519 2900 inventae;
1536 2845 1609 2886 cum

349 2929 446 2992 etiam
482 2930 550 2992 sine
585 2927 649 2990 illis
684 2949 726 2988 ex
753 2927 823 3010 ipso
847 2939 1003 2989 contextu
1026 2949 1138 2990 sensus
1161 2926 1285 3012 percipi
1308 2948 1402 3012 posse
1426 2927 1609 2990 videretur:

349 3055 443 3118 quam
480 3029 597 3094 deinde
633 3029 791 3114 scriptura
824 3051 952 3115 quoque
987 3029 1056 3114 ipsa
1092 3029 1132 3093 ad
1155 3030 1377 3120 iacilitandam
1402 3030 1609 3116 scriptionem

350 3149 399 3200 est
422 3150 541 3198 secuta.

435 3239 613 3323 Utriusque
627 3251 734 3300 autem
748 3250 894 3300 accurata
906 3235 1054 3301 habenda
1067 3252 1116 3301 est
1127 3238 1208 3301 ratio
1222 3238 1260 3301 ad
1274 3239 1416 3323 linguam
1431 3236 1609 3301 Suecanam

349 3359 435 3407 recte
459 3341 715 3426 intelligendam.
761 3341 791 3403 N
795 3364 844 3402 am
867 3341 923 3404 illa
940 3341 1110 3426 antiquior,
1134 3365 1198 3404 non
1215 3342 1318 3404 solum
1334 3341 1367 3404 in
1385 3341 1463 3427 ipsis
1482 3341 1609 3426 legibus

349 3445 488 3532 antiquis
523 3445 643 3530 pariter
672 3457 710 3507 et
744 3443 880 3521 usitatis,
910 3444 1043 3529 ipsaque
1067 3444 1099 3510 S.
1123 3445 1301 3508 Bibliorum
1326 3445 1473 3508 versione
1498 3468 1609 3508 verna·

349 3552 430 3628 cula,
455 3549 511 3612 sed
535 3562 568 3611 et
591 3548 661 3611 aliis
686 3547 832 3633 plurimis
856 3547 946 3611 libris
970 3549 1119 3644 antiquis,
1144 3563 1208 3611 tam
1232 3548 1407 3634 impressis,
1431 3571 1525 3633 quarn
1545 3571 1609 3611 ma·

348 3655 520 3740 nuscriptis
544 3665 577 3716 et
600 3653 821 3716 instrumentis
845 3674 972 3737 quoque
996 3652 1134 3738 publicis
1158 3652 1355 3737 privatisque
1384 3653 1525 3716 obtinet:
1543 3653 1608 3715 imo

347 3759 511 3823 interdum
535 3757 632 3820 hodie
657 3778 783 3842 quoqne
807 3756 840 3818 in
864 3755 965 3833 libris,
992 3756 1048 3840 qui
1071 3755 1287 3841 publicantur,
1313 3756 1451 3819 Sueticis
1468 3779 1608 3819 necnon

348 3863 551 3927 sacerdotum
587 3860 795 3924 concionibus
825 3873 1006 3944 usurpatur.
1053 3859 1131 3922 Haec
1164 3881 1276 3922 verum
1301 3859 1340 3922 ad
1363 3859 1506 3945 linguam
1530 3860 1607 3923 Sue·

348 3970 455 4045 ticam,
490 3979 586 4052 prout
617 3987 702 4028 nunc
737 3963 949 4026 communiter
977 3963 1011 4024 in
1035 3963 1222 4048 quotidiano
1245 3985 1402 4041 sermone,
1427 3977 1460 4027 et
1482 3964 1609 4050 vulgari

346 4071 506 4156 scriptura
529 4069 665 4145 obtinet,
689 4082 776 4131 recte
800 4066 1041 4152 percipiendam
1065 4067 1239 4152 plurimum
1263 4067 1400 4133 confert.

433 4175 508 4238 Not.
530 4193 566 4239 11.
611 4173 650 4236 In
674 4195 712 4235 eo
736 4186 843 4234 autem
860 4171 1020 4256 praecipue
1040 4170 1223 4234 differentia
1238 4172 1322 4234 inter
1338 4171 1431 4235 hasce
1448 4171 1607 4236 flexiones

346 4279 503 4362 consistit,
539 4276 625 4363 quod
649 4277 809 4340 recentior
832 4275 888 4338 illa
911 4289 1022 4338 ornnes
1046 4297 1137 4338 casus
1161 4276 1282 4338 similes
1307 4275 1385 4338 facit
1408 4275 1607 4340 nominativo

346 4398 484 4470 excepto
508 4382 663 4467 genitive,
688 4381 778 4464 cujus
802 4379 900 4444 solius
924 4378 1099 4442 flexionem
1122 4379 1249 4458 retinet,
1274 4381 1452 4466 etquidem
1470 4381 1604 4444 eandem

346 4489 441 4574 plane
466 4510 537 4550 curn
561 4485 703 4548 flexione
728 4483 868 4568 antiqua,
892 4483 990 4568 idque
1013 4483 1046 4544 in
1071 4495 1205 4568 utraque
1229 4483 1481 4548 declinationum
1504 4484 1608 4548 forma

346 4605 379 4655 et
401 4614 535 4654 numero
566 4603 713 4674 utroque.
761 4586 935 4672 Antiquior
958 4609 1035 4649 vero
1059 4586 1139 4649 duos
1162 4587 1364 4650 solummodo
1388 4611 1479 4652 casus
1506 4589 1606 4652 nomi·

345 4695 454 4762 nativo
488 4694 610 4758 similes
645 4691 800 4780 agnoseit,
837 4691 1053 4756 accusativum
1089 4703 1122 4755 et
1150 4691 1344 4757 vocativum.
1390 4692 1518 4758 Deinde
1541 4717 1605 4758 non
