3648 5696
354 475 397 537 80
686 475 735 536 Er.
760 477 912 536 Aurivillii
936 476 1133 538 Grammatico
1156 476 1292 539 Svecana

352 660 499 725 adhiberi
530 673 698 746 poterunt:
722 684 792 746 quae
816 683 866 724 res
890 661 975 724 haud
999 685 1110 747 parum
1136 663 1174 726 ad
1199 664 1366 748 utriusque
1390 663 1541 726 flexionis
1565 685 1612 725 ra·

350 767 472 828 tionem
497 777 530 827 et
551 765 683 849 genium
701 765 818 828 rectius
842 787 878 828 ac
902 765 1029 829 facilius
1053 767 1298 851 percipiendum
1323 767 1429 830 faciet.

437 869 513 933 Not.
538 869 599 931 ΙΙΙ.
645 867 924 946 Quemadmodum
949 869 1045 932 etiam
1069 869 1102 931 in
1126 869 1229 932 forma
1253 869 1408 948 absoluta,
1425 870 1470 932 ita
1486 890 1617 954 quoque

352 972 386 1035 in
419 971 479 1034 hac
512 971 615 1034 forma
639 971 828 1056 antiquioris
852 984 885 1034 et
908 972 1097 1035 recentioris
1120 971 1271 1036 flexionis
1295 973 1376 1037 ratio
1400 970 1558 1046 habenda,
1583 983 1618 1034 et

352 1075 550 1160 conjunctim
575 1087 710 1159 utraque
733 1075 766 1137 iu
790 1074 1066 1160 paradigmatibus
1093 1078 1312 1162 proponenda.

844 1301 944 1363 Prima
968 1301 1137 1364 Declinatio

759 1453 905 1516 Formae
940 1454 1200 1538 Respectivae.

439 1608 498 1671 Est
520 1608 577 1670 illa
599 1608 782 1692 respectiva
810 1607 944 1669 inflexio
967 1608 1134 1670 nominum
1159 1610 1406 1672 masculinorum
1433 1625 1466 1672 et
1488 1609 1618 1671 femini-

352 1736 466 1775 norum
491 1713 603 1797 primae
627 1711 852 1774 declinationis
876 1710 1039 1773 absolutae.

438 1815 666 1879 Nominativus
690 1815 772 1899 sing.
796 1814 963 1896 formatur,
989 1813 1115 1896 adjecto
1140 1827 1264 1878 tantum
1287 1839 1309 1881 rr
1333 1817 1371 1879 ad
1395 1840 1480 1880 nom.
1507 1817 1618 1901 singu-

352 1921 452 1983 larem
488 1918 673 1980 absolutum
707 1917 740 1979 in
776 1938 999 2002 quamcunque
1034 1918 1178 1980 vocalem
1212 1919 1339 1982 finitum
1376 1920 1431 1998 (de
1455 1943 1519 2004 quo
1543 1943 1616 2004 sup.

354 2045 427 2108 pag.
452 2025 503 2104 71,
527 2023 595 2101 72).

439 2124 610 2188 Genitivus
645 2125 726 2209 sing.
763 2124 921 2187 formatur
944 2124 1145 2208 regulariter,
1170 2124 1296 2208 adjecto
1320 2145 1337 2189 s
1358 2125 1396 2188 ad
1421 2149 1508 2190 nom.
1533 2127 1617 2212 sing.

352 2229 448 2313 hujus
473 2228 584 2292 formae
608 2228 664 2313 (de
690 2251 754 2313 quo
778 2251 847 2313 sup.
873 2249 944 2312 pag.
970 2227 1036 2312 73).

439 2333 574 2395 Dativus
610 2345 643 2396 et
676 2332 835 2395 ablativus
871 2331 952 2415 sing.
987 2331 1057 2415 (qui
1090 2331 1182 2394 utin
1208 2331 1311 2394 forma
1334 2332 1491 2416 absoluta,
1515 2334 1561 2396 ita
1584 2345 1619 2395 et

352 2437 405 2500 hic
439 2459 567 2522 semper
590 2450 665 2500 sunt
688 2437 824 2522 similes)
848 2435 1024 2499 secundum
1049 2436 1261 2498 recentiorem
1285 2437 1416 2521 quidem
1439 2436 1617 2500 flexionem

353 2540 474 2604 similes
499 2553 574 2603 sunt
596 2540 805 2614 nominativo,
830 2539 1007 2602 secundum
1031 2538 1243 2623 antiquiorem
1268 2562 1345 2602 vero
1369 2541 1403 2603 in
1430 2541 1618 2604 masculinis

352 2643 471 2707 desinit
493 2645 526 2706 iu
550 2665 609 2722 ont,
633 2645 667 2706 in
691 2643 855 2706 femininis
878 2643 910 2705 in
935 2664 950 2706 e
973 2641 1029 2726 (de
1053 2645 1144 2725 cujus
1168 2641 1360 2706 formatione
1377 2667 1447 2729 sup.
1466 2667 1540 2730 pag.
1556 2646 1619 2728 74)

438 2749 666 2829 Accusativus‚
700 2759 736 2810 ut
771 2747 804 2809 in
836 2747 939 2809 forma
963 2746 1117 2823 absoluta,
1141 2746 1186 2808 ita
1209 2759 1242 2808 et
1264 2746 1326 2830 hic,
1350 2769 1479 2833 semper
1503 2748 1618 2812 similis

353 2863 403 2916 est
425 2852 626 2915 nominativo
650 2853 683 2914 in
706 2865 843 2936 utroque
867 2871 1001 2912 numero
1024 2849 1081 2934 (dc
1105 2871 1168 2934 quo
1192 2872 1263 2934 sup.
1288 2873 1359 2935 pag.
1385 2852 1451 2936 75).

440 2956 599 3020 Vocativo
622 2967 710 3019 caret
732 2955 764 3017 in
789 2968 926 3038 utroque
949 2976 1083 3016 numero
1108 2953 1187 3033 (vid.
1211 2977 1281 3035 sup.
1307 2977 1380 3039 pag.
1403 2957 1471 3034 75).

440 3060 667 3124 Nominativus
692 3060 774 3143 plur.
806 3057 926 3121 desiuit
948 3058 981 3119 in
1006 3079 1059 3136 aa,
1084 3057 1314 3142 formaturque,
1339 3059 1467 3142 adjecto
1490 3073 1617 3123 tantum

352 3186 398 3230 rau
420 3164 459 3226 ad
482 3187 568 3227 nom.
594 3164 752 3248 pluralem
777 3162 913 3225 absolut.
938 3167 988 3239 (ut
1011 3183 1080 3244 sup.
1106 3161 1227 3224 dictum
1251 3183 1325 3246 pag.
1350 3165 1401 3245 75,
1425 3165 1492 3242 76).

441 3266 612 3330 Genitivus
636 3267 718 3351 plur.
749 3265 869 3328 desinit
891 3266 924 3327 in
952 3285 979 3341 a,
1003 3263 1233 3348 formaturque,
1258 3265 1385 3349 adjecto
1409 3267 1513 3328 solum
1535 3288 1553 3330 s
1578 3267 1618 3329 ad

353 3393 438 3434 nom.
463 3371 622 3456 pluralem
645 3370 740 3452 hujus
764 3370 874 3432 formae
898 3368 951 3452 (de
976 3389 1039 3452 quo
1063 3389 1131 3452 sup.
1157 3390 1229 3452 pag.
1254 3370 1317 3452 77).

441 3474 577 3537 Dativus
601 3486 634 3536 et
658 3473 815 3536 ablativus
839 3472 922 3557 plur.
947 3470 1065 3533 desinit
1088 3471 1121 3532 in
1143 3492 1224 3554 mett,
1237 3471 1469 3558 formaturque,
1487 3473 1619 3558 adjecto

354 3577 457 3641 solum
495 3577 591 3640 modo
625 3599 664 3643 ert
692 3577 731 3640 ad
758 3576 856 3640 dativ.
880 3575 962 3660 plur.
987 3573 1167 3636 absolutum
1192 3575 1246 3655 (de
1270 3598 1334 3660 quo
1358 3599 1428 3662 sup.
1453 3599 1526 3662 pag.
1552 3581 1620 3662 77).

804 3807 832 3862 1.
878 3796 1169 3879 Paradigmata

750 3967 754 3978 “
819 3953 1146 4018 Masoulinorum.

440 4076 479 4143 In
501 4098 532 4145 a.
1106 4074 1145 4138 In
1168 4095 1199 4138 u.
1231 4113 1235 4118 -

553 4182 644 4237 Florio
663 4177 813 4250 Antiquior.
1183 4178 1272 4233 Florio
1291 4177 1440 4234 Recentlor.

440 4269 530 4355 Sing.
1105 4266 1194 4351 Sing.

353 4375 448 4438 Nom.
473 4375 632 4449 hunolcurt,
661 4372 794 4454 buciaco,
817 4371 944 4452 brocca
1019 4369 1178 4452 bacolan,
1202 4371 1334 4449 baeton,
1357 4371 1486 4454 brugun

353 4479 433 4543 Gen.
458 4478 626 4543 tonaturus
1018 4468 1201 4536 hancbane

354 4581 438 4661 Dat,
461 4581 538 4647 Abl.
563 4579 765 4644 hausturum
1018 4575 1089 4638 sim.
1113 4598 1199 4638 nom.

353 4686 442 4762 Aac„
467 4686 537 4750 sim.
564 4706 649 4748 nom.
1024 4678 1093 4742 sim.
1115 4701 1201 4742 nom.
