3674 5694
746 483 790 542 Dc
815 481 957 544 Articulo.
1446 483 1485 540 19

224 673 364 757 Elloffte,
397 672 513 736 Latine
548 671 701 734 efferetur
735 670 799 734 sic:
836 669 999 734 Gustavus
1021 669 1088 752 itte,
1110 668 1163 731 vel
1187 671 1246 734 iste
1269 667 1403 753 primus,
1426 669 1486 733 istc

225 776 401 860 secundus;
424 775 558 839 Carolus
583 777 641 838 istc
663 775 863 838 undecimus.
910 777 972 836 Ast
995 773 1145 858 quoniam
1169 771 1230 835 hoc
1254 795 1317 834 non
1339 770 1386 854 fit,
1409 771 1486 835 satis

225 892 315 965 patet
349 880 436 944 aliud
471 900 542 942 esse
577 877 749 940 articulum
783 877 870 941 hunc
903 877 936 940 in
959 877 1072 962 lingua
1095 874 1236 959 Suetica,
1259 875 1346 939 aliud
1370 897 1487 960 prono-

226 1006 301 1046 men
331 981 632 1046 demonstrativum.

312 1087 350 1150 In
390 1085 575 1149 nominibus
616 1081 824 1147 substantivis
864 1081 1017 1145 articulus
1049 1082 1250 1167 respectivus
1285 1093 1335 1146 est
1369 1079 1487 1145 affixus

226 1191 305 1276 ipsis
338 1189 521 1254 nominibus
555 1189 588 1252 in
620 1187 700 1251 linc:
734 1186 861 1270 quoties
895 1186 994 1270 igitur
1025 1188 1223 1273 praeponitur
1252 1187 1317 1252 aaa
1346 1185 1399 1248 vel
1432 1186 1488 1250 dut

227 1309 277 1357 est
299 1316 476 1380 pronomen
501 1290 800 1356 demonstrativum.
835 1289 873 1351 lu
898 1289 1066 1374 adjectivis
1090 1313 1179 1368 vero,
1196 1291 1252 1354 ubi
1269 1291 1423 1354 articulus
1438 1311 1487 1350 re·

228 1399 391 1484 spectivus
415 1397 533 1460 affixus
556 1419 620 1459 non
644 1407 788 1479 apparet,
811 1392 906 1476 hujus
930 1393 1057 1457 articuli
1081 1396 1182 1478 major
1205 1407 1255 1458 est
1285 1415 1360 1458 usus
1391 1405 1487 1477 atque

229 1502 420 1576 evidentior,
449 1515 486 1564 ut
518 1502 583 1566 dda
614 1498 845 1581 yudfrucbtipa
879 1497 945 1562 dan
970 1499 1184 1582 opuducbtipe,
1207 1499 1273 1564 dria
1295 1502 1490 1586 rdttfiirda‘ye

229 1606 404 1691 saepissime
435 1607 467 1668 in
493 1604 524 1667 S.
558 1603 673 1666 Bibliis
708 1625 772 1664 non
808 1616 857 1664 est
890 1624 1067 1686 pronomen
1092 1601 1392 1688 demonstrativum,
1414 1609 1491 1692 quia

229 1724 353 1772 certum
377 1708 507 1793 aliquod
531 1707 735 1770 individuum
759 1729 823 1768 non
847 1705 996 1790 designat
1018 1729 1054 1769 ac
1076 1713 1282 1791 demonstrat,
1300 1709 1357 1772 sed
1374 1723 1424 1773 est
1439 1735 1488 1774 ar-

230 1813 361 1895 ticulus,
396 1812 451 1898 qui
486 1811 582 1874 etiam
611 1833 653 1872 ex
688 1809 843 1895 appositis
877 1807 930 1871 hic
957 1809 990 1872 in
1014 1822 1108 1874 textu
1131 1811 1291 1896 exemplis
1314 1813 1489 1898 colligitur,

229 1917 292 1980 nisi
315 1916 459 1980 dicemus
482 1915 527 1978 ibi
544 1914 673 2000 ellipsin
697 1935 767 1976 esse
791 1911 993 1976 substantivi.

316 2021 391 2083 Not.
415 2039 449 2082 11.
495 2019 653 2097 Quoniam
684 2039 768 2102 saepe
790 2017 824 2078 iu
847 2016 959 2102 lingua
982 2017 1127 2080 Suecana
1150 2040 1327 2102 pronomen
1359 2018 1489 2082 demon·

232 2124 401 2186 strativum
436 2123 555 2188 diuum
589 2145 645 2184 seu
678 2121 815 2204 ditatura,
851 2144 908 2206 per
942 2144 1108 2208 apocopen
1143 2135 1313 2207 postremae
1348 2124 1491 2208 syllabae,

148 2249 151 2257 ·
231 2229 308 2290 item
343 2228 424 2292 dhan
455 2227 526 2303 heir,
555 2227 635 2291 diaeo
668 2226 744 2290 dher
766 2248 830 2287 non
853 2247 924 2288 raro
948 2227 1044 2288 etiam
1069 2249 1127 2311 per
1150 2226 1279 2310 ellipsin
1304 2228 1490 2312 posterioris

231 2332 320 2394 vocis
354 2331 521 2405 scribatur,
545 2329 650 2392 facilis
674 2343 723 2392 est
757 2329 904 2392 confusio
927 2331 1012 2392 inter
1035 2331 1227 2415 pronomina
1249 2332 1337 2394 istaec
1360 2333 1491 2395 demon-

231 2436 364 2499 strativa
386 2449 480 2520 atque
504 2433 590 2497 hunc
612 2433 782 2496 articulum
808 2435 1039 2519 respectivum:
1063 2448 1100 2497 ut
1123 2457 1151 2498 ε.
1175 2457 1203 2501 c.
1231 2435 1265 2497 in
1291 2434 1341 2498 his
1357 2436 1492 2500 locutio-

233 2539 327 2602 nibus
349 2540 430 2604 ἀήθη
452 2545 531 2614 ἄνεί,
556 2545 646 2620 tepea·
668 2538 781 2602 bouum
802 2538 857 2602 och
870 2540 967 2622 jo'rer
988 2539 1101 2603 bouem
1123 2539 1252 2621 varlipa
1275 2562 1333 2624 pro
1356 2539 1490 2617 duum,

232 2645 286 2706 vel
309 2644 435 2708 discurro
455 2643 516 2708 blr'r
539 2648 617 2716 ciret,
642 2641 694 2703 vel
717 2642 934 2720 dbeusummm
958 2643 1039 2708 dbea
1060 2642 1154 2707 alula
1175 2643 1389 2720 rnenuiskiau,
1412 2645 1493 2710 dten

233 2769 310 2830 cryc
326 2748 484 2823 skarioten,
496 2746 576 2812 diaeo
595 2747 700 2829 styclre
720 2746 877 2812 elidimur
900 2761 961 2811 etc.
996 2747 1079 2810 Item
1103 2747 1136 2809 in
1158 2745 1225 2810 his:
1246 2748 1328 2813 dbeu
1347 2750 1493 2830 quianon

233 2857 274 2917 dr
306 2853 377 2930 oud,
412 2851 492 2916 utcu
519 2851 626 2915 stelen
653 2851 805 2932 dryadia,
829 2851 909 2916 dbeu
931 2852 1092 2916 totenes
1113 2852 1212 2917 sbdb'u
1235 2864 1308 2929 etc,
1331 2875 1390 2938 pro
1412 2851 1493 2918 siben

233 2955 319 3020 dher.
366 2954 419 3018 Sic
452 2953 520 3017 fere
555 2955 652 3016 etiam
687 2966 736 3017 est
768 2955 801 3016 in
830 2955 889 3018 hac
922 2955 1086 3018 locutione
1111 2957 1122 3020 i
1144 2955 1225 3020 diseo
1246 2955 1375 3036 trjdbem
1400 2959 1495 3041 proi

234 3061 314 3125 dbea
347 3080 481 3138 somma,
514 3071 569 3120 aut
597 3058 712 3123 idheu
732 3059 809 3123 diter
831 3059 960 3140 tijdbeu.
1006 3059 1111 3138 Quare
1135 3060 1236 3144 probe
1260 3059 1491 3123 attendendum

235 3176 294 3247 est,
317 3164 349 3226 iu
375 3163 491 3248 quibua
515 3185 587 3225 nam
611 3163 903 3226 constructionibus
924 3163 1029 3226 nudus
1045 3163 1149 3226 solum
1167 3164 1320 3226 articulus
1337 3177 1494 3242 occurrat,

234 3268 268 3330 in
301 3267 417 3352 quibus
451 3289 528 3330 vero
561 3288 739 3352 pronomen
769 3266 1057 3330 demonstrativum
1082 3269 1235 3352 praedicto
1259 3267 1355 3330 modo
1378 3267 1492 3331 falsam

236 3371 364 3434 articuli
386 3371 527 3456 speciem
551 3370 679 3434 referat.

321 3475 396 3537 Not.
421 3495 468 3538 111.
514 3474 578 3536 Hic
611 3475 764 3538 articulus
792 3497 868 3552 nou,
903 3487 939 3538 ut
965 3475 1063 3558 prior,
1100 3486 1224 3538 tantum
1250 3475 1422 3560 singularis
1446 3488 1495 3540 est

236 3579 372 3656 numeri,
397 3578 509 3640 sedin
533 3578 651 3664 plurali
675 3578 770 3641 etiam
795 3577 983 3642 declinatur.

322 3683 513 3746 Declinatur
535 3687 643 3746 autem
666 3682 713 3745 sic
736 3704 795 3768 per
818 3681 880 3745 tria
902 3704 1022 3767 genera
1046 3683 1191 3746 seorsim.

323 3788 410 3872 Sing.

376 3890 513 3944 Masculin
794 3889 924 3944 Femiuin.
1208 3890 1346 3946 Neutrum.

237 3981 331 4044 Nom.
355 3979 445 4059 dbea,
472 4001 529 4043 seu
553 3979 629 4058 driu,

279 4085 444 4148 valdrico
654 4081 744 4161 dieu,
768 4084 843 4159 dria,
867 4083 920 4146 vel
943 4084 1032 4148 daun
1073 4083 1154 4167 aaut,
1177 4107 1201 4147 ε.
1224 4085 1310 4150 dddb

239 4187 345 4252 Genit
368 4188 476 4270 dieas,
503 4210 528 4252 ε.
548 4188 632 4252 duna
654 4187 762 4264 dbeus,
785 4187 870 4252 duas
1072 4188 1175 4271 dhara,
1198 4211 1223 4252 s.
1245 4190 1325 4254 ddss

239 4291 345 4354 Dativ.
363 4292 538 4374 dtem1)‚s.
551 4292 635 4369 duim,

282 4395 380 4480 vulgo
403 4395 484 4460 dbeu
653 4395 721 4474 dhe,
744 4396 791 4472 de,
818 4397 903 4477 tbe2)
930 4393 1045 4481 (dhan)
1067 4395 1140 4478 day,
1156 4417 1180 4458 s.
1201 4396 1252 4479 dy,
1269 4397 1323 4480 tby

240 4499 624 4564 Accusas.uueas.dauu
660 4500 751 4579 diaeo,
773 4501 863 4565 udan
1069 4500 1141 4564 utet
1164 4523 1188 4562 s.
1211 4501 1297 4564 daut

313 4711 332 4774 ¹)
352 4713 394 4762 Pa.
414 4713 454 4762 29:
475 4713 490 4761 3
509 4707 588 4762 lbera
605 4708 705 4764 andra
844 4711 867 4776 ²)
886 4713 950 4763 Ibid
968 4709 1010 4764 tbe
1027 4708 1123 4763 andra
