3648 5696
569 464 611 522 De
636 465 842 523 Declinatione
869 465 1097 542 Adjeetivcrum.
1405 467 1464 525 103

287 648 359 712 Not.
409 649 504 712 Plura
535 647 758 733 paradigmata
787 647 1020 732 adjectivorum
1045 649 1077 710 in
1104 649 1226 712 caeteris
1250 672 1377 736 quoque
1402 664 1464 714 ter-

200 753 431 816 minationibus
466 752 519 815 hic
548 775 772 836 proponerem,
803 753 859 814 sed
884 775 953 814 cum
979 753 1101 815 multus
1126 775 1202 816 usus
1227 776 1263 815 ac
1286 754 1383 838 longa
1408 755 1462 818 ob·

199 857 339 918 servatio
374 857 564 940 requiratur,
600 870 637 918 ut
671 855 711 918 de
735 856 935 939 singulorum
961 879 1090 918 casuum
1115 855 1257 920 flexione
1281 859 1360 919 certi
1384 857 1461 942 quid

199 960 298 1022 statui
331 961 443 1045 possit,
479 983 541 1044 qua
576 983 626 1022 me
662 983 726 1022 non
756 959 860 1022 adhuc
884 959 960 1022 satis
987 959 1152 1022 confiteor.
1199 960 1288 1037 ldeo,
1313 984 1399 1024 nunc
1423 962 1462 1024 ad

198 1064 413 1126 recentiorem
436 1063 613 1126 flexionem
641 1086 691 1125 me
716 1063 860 1136 confero,
885 1063 917 1124 in
942 1086 1005 1148 qua
1028 1076 1141 1148 utpote
1166 1063 1327 1148 hodieque
1345 1065 1463 1128 usitata

199 1166 239 1228 de
276 1189 407 1230 casuum
442 1166 634 1229 formatione.
670 1167 772 1250 magis
796 1166 954 1229 sollicitus
990 1189 1044 1229 ero
1070 1179 1102 1230 et
1124 1167 1347 1252 paradigmata
1370 1169 1463 1252 plura

200 1292 372 1356 exponam.
755 1343 759 1348 ⁵

285 1375 341 1437 De
365 1375 610 1438 Recentiore
634 1373 845 1436 Flexione.

286 1477 350 1540 Hic
384 1491 458 1541 ante
494 1478 601 1540 omnia
635 1476 812 1551 sciendum,
846 1477 931 1561 quod
966 1477 1181 1540 recentiorem
1209 1477 1385 1542 flexionem
1410 1501 1463 1542 vo·

200 1603 319 1662 camus,
343 1604 407 1644 non
431 1582 535 1644 solum
560 1604 642 1658 earn,
667 1604 737 1666 qnae
759 1581 792 1643 in
816 1581 943 1664 vulgari
967 1594 999 1643 et
1019 1581 1208 1666 quotidiano
1233 1605 1392 1659 sermone,
1409 1584 1462 1646 vel

199 1685 357 1769 scriptura
387 1699 517 1769 recepta
540 1698 599 1765 est,
623 1685 679 1748 sed
704 1685 811 1760 etiam,
835 1707 905 1769 qnae
928 1685 962 1747 in
986 1685 1134 1748 versione
1160 1684 1190 1748 S.
1215 1685 1405 1763 Bibliorum,
1430 1699 1464 1750 et

199 1788 289 1851 libris
314 1789 501 1852 melioribus
525 1811 589 1851 non
612 1789 657 1851 ita
680 1789 805 1873 pridem
829 1789 1005 1875 impressis,
1029 1811 1177 1852 necnon
1202 1781 1463 1852 concionatorum

199 1891 401 1954 sermonibus
436 1892 638 1976 frequentius
662 1891 810 1954 occurrit.
857 1891 950 1970 Quod
976 1915 1039 1954 non
1062 1890 1182 1954 frustra
1206 1914 1385 1974 monemus,
1408 1915 1464 1954 no-

199 1995 307 2058 tabilis
331 2019 395 2058 non
419 1995 503 2058 inter
528 2009 697 2080 utramque
723 1995 906 2058 differentia
928 1997 1099 2080 reperitur.
1139 1996 1222 2058 Nam
1247 1996 1353 2080 quoad
1370 2019 1463 2059 usum

198 2099 231 2162 in
252 2100 400 2162 versione
425 2100 454 2164 S.
479 2100 670 2176 Bibliorum,
695 2099 898 2183 Hymnorum
923 2099 1225 2162 Ecclesiasticcrum
1243 2113 1338 2184 atque
1355 2123 1476 2185 preca.

198 2203 322 2266 tionum
347 2203 437 2266 libris
461 2215 532 2276 etc,
558 2203 718 2287 adjectiva
740 2204 774 2265 in
797 2202 857 2266 hac
880 2203 983 2266 forma
1006 2203 1100 2286 (licet
1123 2227 1187 2266 non
1204 2225 1332 2288 semper
1348 2216 1463 2268 exacte

199 2307 389 2370 observetur
425 2307 499 2370 Vid,
536 2307 614 2372 Gen.
653 2309 703 2372 18:
739 2310 780 2372 at
803 2308 882 2392 eto.)
905 2307 1002 2370 etiam
1026 2305 1059 2368 in
1083 2307 1223 2391 obliquis
1247 2307 1374 2371 casibus
1397 2332 1462 2371 non

200 2433 271 2474 raro
305 2411 497 2489 flectuntur3
534 2425 570 2473 ut
592 2411 625 2473 in
650 2411 749 2496 genit.
775 2412 855 2496 sing.
880 2411 994 2474 Jacob.
1019 2412 1047 2472 5:
1071 2433 1101 2473 v.
1129 2411 1166 2473 16
1190 2431 1246 2475 erte
1269 2411 1464 2495 rdllfdrdips

199 2536 292 2580 murts
326 2517 395 2598 bdrt,
431 2517 542 2596 inperce
564 2515 668 2579 biertu
693 2518 706 2576 l
734 2515 817 2579 Sam.
844 2515 893 2576 17:
918 2516 958 2577 32
983 2525 1043 2576 etc.
1066 2513 1100 2576 in
1123 2513 1224 2597 genit.
1247 2514 1367 2598 plurali
1390 2515 1462 2600 (qui

199 2631 307 2681 tamen
324 2618 485 2680 rarissime
498 2619 686 2702 reperitur),
700 2619 733 2680 in
747 2617 856 2680 dativo
875 2618 955 2702 sing.
969 2631 1006 2679 ut
1018 2623 1145 2700 storum,
1159 2619 1303 2695 andrum,
1319 2620 1464 2700 reciproca,

198 2724 314 2805 inpone,
336 2723 467 2804 accirem,
491 2722 628 2804 edbrom,
652 2722 798 2803 mdapom
822 2733 894 2797 etc.;
918 2721 951 2784 in
974 2743 1078 2784 accus.
1099 2734 1136 2784 ut
1158 2727 1299 2795 stoorca,
1316 2722 1463 2804 sturitate,

198 2826 319 2908 rijlcuu.
365 2827 401 2889 ln
425 2824 556 2909 hymn0,
579 2847 618 2890 en
637 2826 766 2907 pdddcrt
789 2846 851 2890 osc
875 2836 935 2887 eto.
977 2829 1086 2909 Atque
1103 2825 1136 2886 in
1153 2824 1202 2887 his
1221 2826 1374 2888 convenit
1391 2850 1463 2889 cum

199 2928 420 3012 paradigmate
443 2929 559 2994 Buraei.
607 2928 719 3007 Quoad
743 2951 837 2991 usum
860 2951 938 2990 vero
961 2928 1183 3012 quotidianum
1208 2927 1305 2990 hodie
1322 2929 1389 3007 vix,
1409 2943 1464 2992 aut

200 3044 287 3093 certe
310 3031 482 3104 rarissime,
505 3031 605 3094 flexio
629 3032 690 3094 ista
713 3037 744 3094 in
769 3032 907 3116 obliquis
931 3032 1029 3095 habet
1052 3032 1170 3108 locum,
1191 3031 1289 3115 idque
1307 3031 1465 3096 duntaxat

203 3135 330 3219 quando
366 3135 562 3218 adjectivum
598 3135 731 3198 seorsim
768 3148 800 3197 et
834 3151 982 3199 concrete
1027 3135 1157 3219 ponitur
1198 3150 1231 3196 et
1265 3135 1395 3220 quidem
1430 3137 1463 3198 in

199 3239 356 3322 genitivo,
391 3252 428 3300 ut
460 3240 623 3321 mrinpeaa,
659 3239 711 3300 vel
746 3240 882 3320 melanes
911 3242 1036 3320 maniae
1060 3243 1100 3302 dr
1122 3240 1182 3317 ed;
1205 3239 1324 3320 mdnpc
1344 3241 1463 3320 peleus

199 3343 317 3406 laedar
352 3357 423 3424 etc,
447 3366 511 3404 non
547 3365 623 3405 vero
657 3343 691 3404 in
727 3343 847 3418 dativo,
882 3343 1010 3426 quando
1035 3357 1142 3404 autern
1167 3343 1364 3426 adjectivum
1389 3366 1462 3406 cum

199 3445 402 3508 substantivo
421 3449 571 3530 junctum
597 3460 655 3530 est,
679 3446 765 3508 haud
789 3447 970 3531 quicquam,
1000 3459 1035 3508 ut
1059 3460 1132 3530 post
1148 3447 1265 3510 clarius
1282 3447 1462 3531 apparebit,

199 3549 255 3612 ubi
280 3550 478 3633 conjunctim
504 3562 735 3635 proponentur.

286 3653 391 3731 Quare
426 3655 531 3738 quoad
555 3653 745 3717 modernum
770 3676 873 3728 usum,
899 3655 1060 3738 praecipua
1083 3653 1218 3716 variatio
1243 3667 1338 3740 atque
1362 3655 1462 3717 flexio

199 3757 396 3820 attendenda
418 3758 509 3820 venit
530 3758 722 3820 nominativi
746 3757 895 3842 pluralis;
921 3771 954 3820 et
976 3756 1138 3841 quomodo
1154 3757 1210 3820 ille
1228 3781 1245 3820 a
1263 3759 1462 3821 nominativo

199 3861 356 3944 singulari
379 3861 412 3923 in
437 3861 573 3924 diversis
597 3861 878 3924 terminationibus
903 3860 1120 3923 diversimode
1145 3860 1312 3925 formetur.

286 3965 341 4026 De
366 3965 570 4028 Flexione
595 3979 634 4026 et
657 3964 918 4027 Formatione
942 3965 1049 4027 Nom.
1074 3964 1262 4028 Pluralis.

285 4067 363 4151 Reg.
388 4088 409 4131 1.
456 4069 631 4152 Adjeetiva
655 4069 819 4152 primitiva
845 4069 914 4130 fere
932 4069 1049 4144 omnia,
1069 4091 1293 4152 quamcunque
1312 4070 1463 4130 termina-

198 4171 320 4232 tionem
336 4171 488 4234 habentia
503 4174 590 4256 (quae
608 4172 703 4234 modo
720 4172 879 4256 pluralem
896 4171 1032 4255 habent)
1050 4172 1204 4234 nominat.
1222 4171 1382 4256 pluralem
1401 4172 1465 4232 for-

199 4288 287 4337 mant
317 4276 523 4359 asingulari,
548 4275 658 4338 addito
682 4276 785 4336 solum
810 4297 831 4339 a
855 4275 893 4338 ad
918 4299 1002 4337 nom.
1028 4275 1234 4358 singularem.
1282 4275 1328 4337 Ut
1351 4275 1461 4350 sachi),

198 4379 241 4462 pl.
277 4380 420 4457 sacbbc;
452 4381 547 4461 pcdb,
575 4380 618 4464 pl.
639 4380 762 4461 porilem·
785 4381 856 4454 ond,
881 4379 925 4463 pl.
949 4381 1053 4458 eadm·
1076 4381 1165 4460 lecet,
1190 4378 1233 4464 pl.
1257 4379 1356 4458 libem
1379 4379 1464 4461 ldplt,

201 4483 242 4566 pl.
279 4483 371 4565 ldpa3
407 4485 514 4567 seddi,
551 4485 593 4568 pl.
630 4485 744 4562 sndlu;
778 4485 855 4566 rijlr,
890 4484 934 4568 pl.
964 4485 1069 4566 rijlra,·
1100 4485 1204 4568 from,
1240 4483 1283 4566 pl.
1299 4483 1465 4565 frontium

198 4586 316 4667 taujip,
340 4587 384 4670 pl.
408 4587 556 4669 besprim
579 4594 676 4670 stoor,
700 4589 743 4668 pl.
770 4594 877 4665 storc,·
892 4588 970 4670 feet,
996 4588 1037 4670 pl.
1054 4588 1164 4670 feeta;
1179 4588 1243 4670 fia,
1260 4586 1303 4670 pl.
1312 4587 1387 4669 fiac
1403 4598 1464 4648 etc.

282 4689 409 4776 Excipe
435 4695 463 4755 l.
510 4691 701 4755 Desinentia
724 4692 756 4754 in
780 4694 812 4774 ri,
834 4715 903 4778 quae
920 4713 1113 4777 quamquam
1131 4690 1306 4754 secundum
1325 4691 1464 4777 aliquam

199 4795 375 4865 dialectum
411 4796 474 4863 isto
508 4796 604 4866 ruodo
634 4797 825 4874 formantur,
858 4797 903 4892 pl.
927 4796 1013 4881 bleta,
1034 4797 1120 4880 prta
1153 4807 1262 4870 tamen
1286 4786 1465 4872 secundum
