<?xml version="1.0" encoding="UTF-8"?>
<!DOCTYPE html PUBLIC "-//W3C//DTD XHTML 1.0 Transitional//EN"
    "http://www.w3.org/TR/xhtml1/DTD/xhtml1-transitional.dtd">
<html xmlns="http://www.w3.org/1999/xhtml" xml:lang="en" lang="en">
 <head>
  <title>
</title>
<meta http-equiv="Content-Type" content="text/html;charset=utf-8" />
  <meta name='ocr-system' content='tesseract 3.04.00' />
  <meta name='ocr-capabilities' content='ocr_page ocr_carea ocr_par ocr_line ocrx_word'/>
</head>
<body>
  <div class='ocr_page' id='page_1' title='image "./grammaticaesvec00aurigoog_0029.png"; bbox 0 0 3674 5694; ppageno 0'>
   <div class='ocr_carea' id='block_1_1' title="bbox 362 480 1297 546">
    <p class='ocr_par' dir='ltr' id='par_1_1' title="bbox 362 480 1297 546">
     <span class='ocr_line' id='line_1_1' title="bbox 362 480 1297 546; baseline 0.002 -2"><span class='ocrx_word' id='word_1_1' title='bbox 362 481 401 544; x_wconf 90' lang='lat'>18</span> <span class='ocrx_word' id='word_1_2' title='bbox 690 480 738 544; x_wconf 77' lang='lat' dir='ltr'>Er.</span> <span class='ocrx_word' id='word_1_3' title='bbox 764 483 915 544; x_wconf 83' lang='lat' dir='ltr'>Aurivillii</span> <span class='ocrx_word' id='word_1_4' title='bbox 939 483 1136 546; x_wconf 77' lang='lat' dir='ltr'>Grammatico</span> <span class='ocrx_word' id='word_1_5' title='bbox 1160 489 1297 546; x_wconf 83' lang='lat' dir='ltr'>Svccana.</span> 
     </span>
    </p>
   </div>
   <div class='ocr_carea' id='block_1_2' title="bbox 360 667 1704 4700">
    <p class='ocr_par' dir='ltr' id='par_1_2' title="bbox 360 667 1704 1584">
     <span class='ocr_line' id='line_1_2' title="bbox 446 667 1620 758; baseline 0.003 -26"><span class='ocrx_word' id='word_1_6' title='bbox 446 667 659 753; x_wconf 89' lang='lat' dir='ltr'>Respectivus</span> <span class='ocrx_word' id='word_1_7' title='bbox 694 668 848 732; x_wconf 79' lang='lat' dir='ltr'><strong>articulus</strong></span> <span class='ocrx_word' id='word_1_8' title='bbox 876 681 935 752; x_wconf 87' lang='lat' dir='ltr'>est,</span> <span class='ocrx_word' id='word_1_9' title='bbox 965 669 1020 754; x_wconf 91' lang='lat' dir='ltr'>qui</span> <span class='ocrx_word' id='word_1_10' title='bbox 1042 669 1166 733; x_wconf 91' lang='lat' dir='ltr'>nomini</span> <span class='ocrx_word' id='word_1_11' title='bbox 1189 671 1368 757; x_wconf 85' lang='lat' dir='ltr'>cuicunque</span> <span class='ocrx_word' id='word_1_12' title='bbox 1393 673 1549 758; x_wconf 89' lang='lat' dir='ltr'>adjectus,</span> <span class='ocrx_word' id='word_1_13' title='bbox 1572 695 1620 736; x_wconf 88' lang='lat' dir='ltr'>re·</span> 
     </span>
     <span class='ocr_line' id='line_1_3' title="bbox 360 771 1704 861; baseline 0.004 -26"><span class='ocrx_word' id='word_1_14' title='bbox 360 785 504 858; x_wconf 82' lang='lat' dir='ltr'>spectum</span> <span class='ocrx_word' id='word_1_15' title='bbox 529 772 669 857; x_wconf 77' lang='lat' dir='ltr'>aliquem</span> <span class='ocrx_word' id='word_1_16' title='bbox 692 772 834 835; x_wconf 89' lang='lat' dir='ltr'>insinuat</span> <span class='ocrx_word' id='word_1_17' title='bbox 858 772 896 834; x_wconf 93' lang='lat' dir='ltr'>ad</span> <span class='ocrx_word' id='word_1_18' title='bbox 922 771 1008 836; x_wconf 93' lang='lat' dir='ltr'>aliud</span> <span class='ocrx_word' id='word_1_19' title='bbox 1032 773 1127 857; x_wconf 84' lang='lat' dir='ltr'>quid3</span> <span class='ocrx_word' id='word_1_20' title='bbox 1151 786 1229 858; x_wconf 89' lang='lat' dir='ltr'>puta</span> <span class='ocrx_word' id='word_1_21' title='bbox 1256 775 1462 840; x_wconf 87' lang='lat' dir='ltr'>affectionem</span> <span class='ocrx_word' id='word_1_22' title='bbox 1481 777 1619 861; x_wconf 90' lang='lat' dir='ltr'>aliquam</span> <span class='ocrx_word' id='word_1_23' title='bbox 1703 813 1704 816; x_wconf 35' lang='lat'>¹</span> 
     </span>
     <span class='ocr_line' id='line_1_4' title="bbox 360 874 1619 965; baseline 0.002 -26"><span class='ocrx_word' id='word_1_24' title='bbox 360 877 429 961; x_wconf 90' lang='lat' dir='ltr'>ejus</span> <span class='ocrx_word' id='word_1_25' title='bbox 452 875 510 954; x_wconf 90' lang='lat' dir='ltr'>rei,</span> <span class='ocrx_word' id='word_1_26' title='bbox 535 897 604 960; x_wconf 84' lang='lat' dir='ltr'>quae</span> <span class='ocrx_word' id='word_1_27' title='bbox 627 875 758 939; x_wconf 89' lang='lat' dir='ltr'>nomine</span> <span class='ocrx_word' id='word_1_28' title='bbox 782 875 844 939; x_wconf 91' lang='lat' dir='ltr'>isto</span> <span class='ocrx_word' id='word_1_29' title='bbox 867 874 1077 960; x_wconf 88' lang='lat' dir='ltr'>significatur,</span> <span class='ocrx_word' id='word_1_30' title='bbox 1099 889 1154 939; x_wconf 90' lang='lat' dir='ltr'>ant</span> <span class='ocrx_word' id='word_1_31' title='bbox 1177 877 1290 940; x_wconf 89' lang='lat' dir='ltr'>saltem</span> <span class='ocrx_word' id='word_1_32' title='bbox 1313 879 1445 964; x_wconf 90' lang='lat' dir='ltr'>aliquid,</span> <span class='ocrx_word' id='word_1_33' title='bbox 1469 879 1555 965; x_wconf 91' lang='lat' dir='ltr'>quod</span> <span class='ocrx_word' id='word_1_34' title='bbox 1580 879 1619 942; x_wconf 88' lang='lat' dir='ltr'>de</span> 
     </span>
     <span class='ocr_line' id='line_1_5' title="bbox 360 978 1620 1066; baseline 0.003 -23"><span class='ocrx_word' id='word_1_35' title='bbox 360 1001 400 1044; x_wconf 89' lang='lat' dir='ltr'>eo</span> <span class='ocrx_word' id='word_1_36' title='bbox 427 979 482 1042; x_wconf 85' lang='lat' dir='ltr'>vel</span> <span class='ocrx_word' id='word_1_37' title='bbox 510 978 711 1063; x_wconf 87' lang='lat' dir='ltr'>affirmative,</span> <span class='ocrx_word' id='word_1_38' title='bbox 741 979 793 1042; x_wconf 91' lang='lat' dir='ltr'>vel</span> <span class='ocrx_word' id='word_1_39' title='bbox 815 978 967 1065; x_wconf 77' lang='lat' dir='ltr'>negative</span> <span class='ocrx_word' id='word_1_40' title='bbox 991 979 1156 1043; x_wconf 77' lang='lat' dir='ltr'>enunciari</span> <span class='ocrx_word' id='word_1_41' title='bbox 1190 992 1298 1066; x_wconf 85' lang='lat' dir='ltr'>potest</span> <span class='ocrx_word' id='word_1_42' title='bbox 1333 995 1461 1046; x_wconf 90' lang='lat' dir='ltr'>etcum</span> <span class='ocrx_word' id='word_1_43' title='bbox 1484 983 1620 1046; x_wconf 89' lang='lat' dir='ltr'>nomini·</span> 
     </span>
     <span class='ocr_line' id='line_1_6' title="bbox 361 1081 1620 1168; baseline 0.004 -22"><span class='ocrx_word' id='word_1_44' title='bbox 361 1084 420 1148; x_wconf 91' lang='lat' dir='ltr'>bus</span> <span class='ocrx_word' id='word_1_45' title='bbox 454 1084 488 1146; x_wconf 91' lang='lat' dir='ltr'>in</span> <span class='ocrx_word' id='word_1_46' title='bbox 520 1082 624 1162; x_wconf 84' lang='lat' dir='ltr'>forma</span> <span class='ocrx_word' id='word_1_47' title='bbox 658 1083 840 1168; x_wconf 86' lang='lat' dir='ltr'>respectiva</span> <span class='ocrx_word' id='word_1_48' title='bbox 863 1095 950 1146; x_wconf 87' lang='lat' dir='ltr'>arcte</span> <span class='ocrx_word' id='word_1_49' title='bbox 974 1081 1122 1161; x_wconf 83' lang='lat' dir='ltr'>cohaeret,</span> <span class='ocrx_word' id='word_1_50' title='bbox 1146 1098 1183 1147; x_wconf 94' lang='lat' dir='ltr'>ut</span> <span class='ocrx_word' id='word_1_51' title='bbox 1204 1086 1330 1148; x_wconf 89' lang='lat' dir='ltr'>nullum</span> <span class='ocrx_word' id='word_1_52' title='bbox 1349 1087 1479 1150; x_wconf 89' lang='lat' dir='ltr'>omnino</span> <span class='ocrx_word' id='word_1_53' title='bbox 1502 1109 1620 1150; x_wconf 85' lang='lat' dir='ltr'>nomen</span> 
     </span>
     <span class='ocr_line' id='line_1_7' title="bbox 360 1186 1620 1275; baseline 0.002 -24"><span class='ocrx_word' id='word_1_54' title='bbox 360 1188 393 1251; x_wconf 92' lang='lat' dir='ltr'>in</span> <span class='ocrx_word' id='word_1_55' title='bbox 426 1187 488 1252; x_wconf 86' lang='lat' dir='ltr'>ista</span> <span class='ocrx_word' id='word_1_56' title='bbox 529 1186 634 1250; x_wconf 80' lang='lat' dir='ltr'>forma</span> <span class='ocrx_word' id='word_1_57' title='bbox 666 1187 734 1250; x_wconf 93' lang='lat' dir='ltr'>ullo</span> <span class='ocrx_word' id='word_1_58' title='bbox 769 1208 844 1250; x_wconf 89' lang='lat' dir='ltr'>casu</span> <span class='ocrx_word' id='word_1_59' title='bbox 878 1186 1087 1266; x_wconf 84' lang='lat' dir='ltr'>construitur,</span> <span class='ocrx_word' id='word_1_60' title='bbox 1121 1188 1183 1251; x_wconf 91' lang='lat' dir='ltr'>nisi</span> <span class='ocrx_word' id='word_1_61' title='bbox 1218 1187 1270 1252; x_wconf 90' lang='lat' dir='ltr'>hic</span> <span class='ocrx_word' id='word_1_62' title='bbox 1299 1191 1464 1275; x_wconf 82' lang='lat' dir='ltr'>articulus,</span> <span class='ocrx_word' id='word_1_63' title='bbox 1487 1192 1541 1254; x_wconf 88' lang='lat' dir='ltr'>vel</span> <span class='ocrx_word' id='word_1_64' title='bbox 1566 1213 1620 1254; x_wconf 89' lang='lat' dir='ltr'>ex-</span> 
     </span>
     <span class='ocr_line' id='line_1_8' title="bbox 360 1290 1619 1379; baseline 0.001 -24"><span class='ocrx_word' id='word_1_65' title='bbox 360 1313 471 1377; x_wconf 85' lang='lat' dir='ltr'>presse</span> <span class='ocrx_word' id='word_1_66' title='bbox 505 1303 695 1376; x_wconf 90' lang='lat' dir='ltr'>apponatur,</span> <span class='ocrx_word' id='word_1_67' title='bbox 728 1290 781 1353; x_wconf 85' lang='lat' dir='ltr'>vel</span> <span class='ocrx_word' id='word_1_68' title='bbox 815 1312 873 1375; x_wconf 92' lang='lat' dir='ltr'>per</span> <span class='ocrx_word' id='word_1_69' title='bbox 912 1290 1040 1375; x_wconf 90' lang='lat' dir='ltr'>ellipsin</span> <span class='ocrx_word' id='word_1_70' title='bbox 1077 1291 1339 1378; x_wconf 83' lang='lat' dir='ltr'>subintelligatur</span> <span class='ocrx_word' id='word_1_71' title='bbox 1370 1307 1465 1379; x_wconf 85' lang='lat' dir='ltr'>atque</span> <span class='ocrx_word' id='word_1_72' title='bbox 1502 1295 1548 1358; x_wconf 90' lang='lat' dir='ltr'>sic</span> <span class='ocrx_word' id='word_1_73' title='bbox 1572 1317 1619 1356; x_wconf 89' lang='lat' dir='ltr'>re·</span> 
     </span>
     <span class='ocr_line' id='line_1_9' title="bbox 361 1393 1620 1482; baseline 0.002 -24"><span class='ocrx_word' id='word_1_74' title='bbox 361 1409 507 1482; x_wconf 86' lang='lat' dir='ltr'>spectum</span> <span class='ocrx_word' id='word_1_75' title='bbox 542 1395 645 1478; x_wconf 93' lang='lat' dir='ltr'>illum,</span> <span class='ocrx_word' id='word_1_76' title='bbox 668 1416 764 1478; x_wconf 87' lang='lat' dir='ltr'>quem</span> <span class='ocrx_word' id='word_1_77' title='bbox 787 1394 849 1458; x_wconf 91' lang='lat' dir='ltr'>ista</span> <span class='ocrx_word' id='word_1_78' title='bbox 871 1393 976 1456; x_wconf 86' lang='lat' dir='ltr'>forma</span> <span class='ocrx_word' id='word_1_79' title='bbox 999 1416 1056 1458; x_wconf 90' lang='lat' dir='ltr'>sua</span> <span class='ocrx_word' id='word_1_80' title='bbox 1079 1411 1191 1458; x_wconf 87' lang='lat' dir='ltr'>natura</span> <span class='ocrx_word' id='word_1_81' title='bbox 1215 1397 1362 1475; x_wconf 90' lang='lat' dir='ltr'>involvit,</span> <span class='ocrx_word' id='word_1_82' title='bbox 1389 1399 1442 1462; x_wconf 90' lang='lat' dir='ltr'>hic</span> <span class='ocrx_word' id='word_1_83' title='bbox 1466 1399 1620 1462; x_wconf 84' lang='lat' dir='ltr'>articulus</span> 
     </span>
     <span class='ocr_line' id='line_1_10' title="bbox 361 1498 859 1584; baseline -0.004 -20"><span class='ocrx_word' id='word_1_84' title='bbox 361 1501 478 1564; x_wconf 89' lang='lat' dir='ltr'>clarius</span> <span class='ocrx_word' id='word_1_85' title='bbox 502 1521 538 1563; x_wconf 88' lang='lat' dir='ltr'>ac</span> <span class='ocrx_word' id='word_1_86' title='bbox 562 1499 677 1562; x_wconf 76' lang='lat' dir='ltr'>lortius</span> <span class='ocrx_word' id='word_1_87' title='bbox 702 1498 859 1584; x_wconf 87' lang='lat' dir='ltr'>designat.</span> 
     </span>
    </p>

    <p class='ocr_par' dir='ltr' id='par_1_3' title="bbox 446 1601 866 1687">
     <span class='ocr_line' id='line_1_11' title="bbox 446 1601 866 1687; baseline -0.002 -22"><span class='ocrx_word' id='word_1_88' title='bbox 446 1603 568 1686; x_wconf 83' lang='lat' dir='ltr'>Estque</span> <span class='ocrx_word' id='word_1_89' title='bbox 593 1615 626 1664; x_wconf 90' lang='lat' dir='ltr'>et</span> <span class='ocrx_word' id='word_1_90' title='bbox 648 1602 703 1664; x_wconf 89' lang='lat' dir='ltr'>ille</span> <span class='ocrx_word' id='word_1_91' title='bbox 728 1601 866 1687; x_wconf 83' lang='lat' dir='ltr'>duplex:</span> 
     </span>
    </p>

    <p class='ocr_par' dir='ltr' id='par_1_4' title="bbox 360 1705 1621 2308">
     <span class='ocr_line' id='line_1_12' title="bbox 449 1705 1620 1790; baseline 0.001 -20"><span class='ocrx_word' id='word_1_92' title='bbox 449 1707 552 1784; x_wconf 90' lang='lat' dir='ltr'>Unus,</span> <span class='ocrx_word' id='word_1_93' title='bbox 587 1705 642 1790; x_wconf 90' lang='lat' dir='ltr'>qui</span> <span class='ocrx_word' id='word_1_94' title='bbox 672 1706 849 1768; x_wconf 89' lang='lat' dir='ltr'>masculino</span> <span class='ocrx_word' id='word_1_95' title='bbox 873 1719 905 1768; x_wconf 85' lang='lat' dir='ltr'>et</span> <span class='ocrx_word' id='word_1_96' title='bbox 928 1706 1084 1768; x_wconf 85' lang='lat' dir='ltr'>feminino</span> <span class='ocrx_word' id='word_1_97' title='bbox 1107 1707 1220 1790; x_wconf 87' lang='lat' dir='ltr'>generi</span> <span class='ocrx_word' id='word_1_98' title='bbox 1242 1709 1395 1770; x_wconf 89' lang='lat' dir='ltr'>convenit</span> <span class='ocrx_word' id='word_1_99' title='bbox 1418 1721 1451 1772; x_wconf 89' lang='lat' dir='ltr'>et</span> <span class='ocrx_word' id='word_1_100' title='bbox 1474 1710 1520 1772; x_wconf 89' lang='lat' dir='ltr'>sic</span> <span class='ocrx_word' id='word_1_101' title='bbox 1535 1731 1620 1772; x_wconf 89' lang='lat' dir='ltr'>com·</span> 
     </span>
     <span class='ocr_line' id='line_1_13' title="bbox 361 1809 1620 1897; baseline 0 -23"><span class='ocrx_word' id='word_1_102' title='bbox 361 1811 466 1874; x_wconf 92' lang='lat' dir='ltr'>munis</span> <span class='ocrx_word' id='word_1_103' title='bbox 490 1809 618 1894; x_wconf 82' lang='lat' dir='ltr'>generis</span> <span class='ocrx_word' id='word_1_104' title='bbox 646 1822 705 1891; x_wconf 91' lang='lat' dir='ltr'>est,</span> <span class='ocrx_word' id='word_1_105' title='bbox 734 1823 770 1870; x_wconf 90' lang='lat' dir='ltr'>ut</span> <span class='ocrx_word' id='word_1_106' title='bbox 791 1809 873 1873; x_wconf 98' lang='grc' dir='ltr'><em>ἀήθη</em></span> <span class='ocrx_word' id='word_1_107' title='bbox 906 1831 962 1872; x_wconf 89' lang='lat' dir='ltr'>seu</span> <span class='ocrx_word' id='word_1_108' title='bbox 991 1809 1063 1874; x_wconf 77' lang='lat' dir='ltr'>theu</span> <span class='ocrx_word' id='word_1_109' title='bbox 1096 1810 1163 1872; x_wconf 90' lang='lat' dir='ltr'>sive</span> <span class='ocrx_word' id='word_1_110' title='bbox 1191 1811 1251 1875; x_wconf 89' lang='grc' dir='ltr'>ἀθη</span> <span class='ocrx_word' id='word_1_111' title='bbox 1285 1811 1337 1874; x_wconf 90' lang='lat' dir='ltr'>vel</span> <span class='ocrx_word' id='word_1_112' title='bbox 1360 1813 1426 1876; x_wconf 85' lang='grc' dir='ltr'><em>ἀάη</em></span> <span class='ocrx_word' id='word_1_113' title='bbox 1449 1813 1510 1897; x_wconf 90' lang='lat' dir='ltr'>(ita</span> <span class='ocrx_word' id='word_1_114' title='bbox 1534 1813 1620 1875; x_wconf 89' lang='lat' dir='ltr'>enim</span> 
     </span>
     <span class='ocr_line' id='line_1_14' title="bbox 361 1912 1620 1998; baseline 0.002 -20"><span class='ocrx_word' id='word_1_115' title='bbox 361 1915 448 1978; x_wconf 87' lang='lat' dir='ltr'>varie</span> <span class='ocrx_word' id='word_1_116' title='bbox 473 1912 655 1996; x_wconf 88' lang='lat' dir='ltr'>scribitur);</span> <span class='ocrx_word' id='word_1_117' title='bbox 679 1913 724 1974; x_wconf 86' lang='lat' dir='ltr'>sic</span> <span class='ocrx_word' id='word_1_118' title='bbox 748 1912 899 1976; x_wconf 86' lang='lat' dir='ltr'>dicimus:</span> <span class='ocrx_word' id='word_1_119' title='bbox 916 1913 997 1978; x_wconf 86' lang='grc' dir='ltr'><em>ἀήθη</em></span> <span class='ocrx_word' id='word_1_120' title='bbox 1012 1934 1157 1992; x_wconf 83' lang='grc' dir='ltr'><em>ηαηηθη,</em></span> <span class='ocrx_word' id='word_1_121' title='bbox 1173 1915 1253 1979; x_wconf 91' lang='grc' dir='ltr'><em>ἀήθη</em></span> <span class='ocrx_word' id='word_1_122' title='bbox 1268 1915 1391 1998; x_wconf 78' lang='grc' dir='ltr'><em>ήάθήθη,</em></span> <span class='ocrx_word' id='word_1_123' title='bbox 1407 1917 1487 1982; x_wconf 90' lang='grc' dir='ltr'><em>ἀήθη</em></span> <span class='ocrx_word' id='word_1_124' title='bbox 1503 1918 1620 1980; x_wconf 78' lang='lat' dir='ltr'>cucuuc&#39;·</span> 
     </span>
     <span class='ocr_line' id='line_1_15' title="bbox 360 2016 1621 2102; baseline -0.001 -19"><span class='ocrx_word' id='word_1_125' title='bbox 360 2019 467 2093; x_wconf 77' lang='lat' dir='ltr'>stiuu,</span> <span class='ocrx_word' id='word_1_126' title='bbox 501 2017 582 2081; x_wconf 90' lang='grc' dir='ltr'><em>ἀήθη</em></span> <span class='ocrx_word' id='word_1_127' title='bbox 613 2018 767 2097; x_wconf 79' lang='lat' dir='ltr'>quiuuuu,</span> <span class='ocrx_word' id='word_1_128' title='bbox 792 2029 826 2078; x_wconf 90' lang='lat' dir='ltr'>et</span> <span class='ocrx_word' id='word_1_129' title='bbox 859 2039 931 2078; x_wconf 88' lang='lat' dir='ltr'>cum</span> <span class='ocrx_word' id='word_1_130' title='bbox 966 2016 1127 2100; x_wconf 85' lang='lat' dir='ltr'>adjectivo</span> <span class='ocrx_word' id='word_1_131' title='bbox 1162 2017 1289 2080; x_wconf 87' lang='lat' dir='ltr'>addito:</span> <span class='ocrx_word' id='word_1_132' title='bbox 1323 2019 1403 2083; x_wconf 91' lang='grc' dir='ltr'><em>ἀήθη</em></span> <span class='ocrx_word' id='word_1_133' title='bbox 1425 2020 1621 2102; x_wconf 68' lang='grc' dir='ltr'><em>θῐήναήόράθ</em></span> 
     </span>
     <span class='ocr_line' id='line_1_16' title="bbox 363 2119 1621 2206; baseline 0 -20"><span class='ocrx_word' id='word_1_134' title='bbox 363 2121 508 2197; x_wconf 72' lang='grc' dir='ltr'><em>θηάήθη,</em></span> <span class='ocrx_word' id='word_1_135' title='bbox 543 2119 623 2184; x_wconf 88' lang='grc' dir='ltr'><em>ἀήθη</em></span> <span class='ocrx_word' id='word_1_136' title='bbox 655 2121 746 2202; x_wconf 76' lang='lat' dir='ltr'>uijsc</span> <span class='ocrx_word' id='word_1_137' title='bbox 773 2141 921 2203; x_wconf 85' lang='lat' dir='ltr'>mauucu,</span> <span class='ocrx_word' id='word_1_138' title='bbox 944 2121 1024 2185; x_wconf 91' lang='grc' dir='ltr'><em>ἀήθη</em></span> <span class='ocrx_word' id='word_1_139' title='bbox 1046 2123 1177 2204; x_wconf 62' lang='lat' dir='ltr'>caudice</span> <span class='ocrx_word' id='word_1_140' title='bbox 1200 2123 1412 2206; x_wconf 67' lang='lat' dir='ltr'>speculatrice,</span> <span class='ocrx_word' id='word_1_141' title='bbox 1436 2124 1516 2187; x_wconf 84' lang='grc' dir='ltr'><em>ἀήθη</em></span> <span class='ocrx_word' id='word_1_142' title='bbox 1538 2123 1621 2186; x_wconf 84' lang='grc' dir='ltr'>οηάἀ</span> 
     </span>
     <span class='ocr_line' id='line_1_17' title="bbox 361 2227 590 2308; baseline -0.022 -18"><span class='ocrx_word' id='word_1_143' title='bbox 361 2227 507 2308; x_wconf 77' lang='lat' dir='ltr'>quinceu</span> <span class='ocrx_word' id='word_1_144' title='bbox 530 2236 590 2286; x_wconf 84' lang='lat' dir='ltr'>etc.</span> 
     </span>
    </p>

    <p class='ocr_par' dir='ltr' id='par_1_5' title="bbox 362 2326 1622 2722">
     <span class='ocr_line' id='line_1_18' title="bbox 448 2326 1620 2414; baseline 0.002 -24"><span class='ocrx_word' id='word_1_145' title='bbox 448 2328 547 2410; x_wconf 86' lang='lat' dir='ltr'>Alter,</span> <span class='ocrx_word' id='word_1_146' title='bbox 583 2326 638 2411; x_wconf 91' lang='lat' dir='ltr'>qui</span> <span class='ocrx_word' id='word_1_147' title='bbox 671 2339 798 2409; x_wconf 89' lang='lat' dir='ltr'>neutro,</span> <span class='ocrx_word' id='word_1_148' title='bbox 833 2340 869 2389; x_wconf 88' lang='lat' dir='ltr'>ut</span> <span class='ocrx_word' id='word_1_149' title='bbox 903 2327 974 2392; x_wconf 77' lang='lat' dir='ltr'>duct</span> <span class='ocrx_word' id='word_1_150' title='bbox 1006 2349 1063 2390; x_wconf 88' lang='lat' dir='ltr'>seu</span> <span class='ocrx_word' id='word_1_151' title='bbox 1092 2327 1154 2392; x_wconf 79' lang='lat' dir='ltr'>uu</span> <span class='ocrx_word' id='word_1_152' title='bbox 1188 2329 1255 2392; x_wconf 89' lang='lat' dir='ltr'>sive</span> <span class='ocrx_word' id='word_1_153' title='bbox 1279 2331 1329 2394; x_wconf 77' lang='lat' dir='ltr'>det</span> <span class='ocrx_word' id='word_1_154' title='bbox 1353 2331 1406 2393; x_wconf 87' lang='lat' dir='ltr'>vel</span> <span class='ocrx_word' id='word_1_155' title='bbox 1429 2331 1484 2396; x_wconf 77' lang='grc' dir='ltr'><em>ἀάή</em></span> <span class='ocrx_word' id='word_1_156' title='bbox 1507 2330 1620 2414; x_wconf 85' lang='grc' dir='ltr'><em>[ἀάἀ].</em></span> 
     </span>
     <span class='ocr_line' id='line_1_19' title="bbox 363 2431 1620 2515; baseline -0.001 -20"><span class='ocrx_word' id='word_1_157' title='bbox 363 2432 417 2496; x_wconf 86' lang='lat' dir='ltr'>Sic</span> <span class='ocrx_word' id='word_1_158' title='bbox 450 2431 599 2513; x_wconf 87' lang='lat' dir='ltr'>dicimus,</span> <span class='ocrx_word' id='word_1_159' title='bbox 633 2431 703 2494; x_wconf 84' lang='grc' dir='ltr'>ἀήά</span> <span class='ocrx_word' id='word_1_160' title='bbox 737 2433 844 2512; x_wconf 64' lang='lat' dir='ltr'>taccu,</span> <span class='ocrx_word' id='word_1_161' title='bbox 877 2432 949 2495; x_wconf 80' lang='lat' dir='ltr'>utet</span> <span class='ocrx_word' id='word_1_162' title='bbox 981 2432 1116 2506; x_wconf 76' lang='lat' dir='ltr'>dicaret,</span> <span class='ocrx_word' id='word_1_163' title='bbox 1147 2432 1218 2496; x_wconf 79' lang='lat' dir='ltr'>duct</span> <span class='ocrx_word' id='word_1_164' title='bbox 1239 2434 1351 2515; x_wconf 72' lang='lat' dir='ltr'>tappet</span> <span class='ocrx_word' id='word_1_165' title='bbox 1374 2447 1435 2498; x_wconf 88' lang='lat' dir='ltr'>etc.</span> <span class='ocrx_word' id='word_1_166' title='bbox 1481 2433 1525 2496; x_wconf 84' lang='lat' dir='ltr'>Et</span> <span class='ocrx_word' id='word_1_167' title='bbox 1549 2455 1620 2494; x_wconf 91' lang='lat' dir='ltr'>curn</span> 
     </span>
     <span class='ocr_line' id='line_1_20' title="bbox 363 2535 1622 2620; baseline 0 -20"><span class='ocrx_word' id='word_1_168' title='bbox 363 2535 540 2620; x_wconf 89' lang='lat' dir='ltr'>adjectivo:</span> <span class='ocrx_word' id='word_1_169' title='bbox 567 2535 644 2599; x_wconf 84' lang='grc' dir='ltr'>ἀήά</span> <span class='ocrx_word' id='word_1_170' title='bbox 677 2535 820 2616; x_wconf 72' lang='lat' dir='ltr'>ductura</span> <span class='ocrx_word' id='word_1_171' title='bbox 853 2537 970 2617; x_wconf 70' lang='lat' dir='ltr'>tiupct5</span> <span class='ocrx_word' id='word_1_172' title='bbox 999 2535 1070 2600; x_wconf 79' lang='lat' dir='ltr'>utet</span> <span class='ocrx_word' id='word_1_173' title='bbox 1091 2536 1189 2599; x_wconf 81' lang='lat' dir='ltr'>wilda</span> <span class='ocrx_word' id='word_1_174' title='bbox 1212 2537 1357 2616; x_wconf 78' lang='lat' dir='ltr'>diuurct,·</span> <span class='ocrx_word' id='word_1_175' title='bbox 1380 2538 1450 2602; x_wconf 81' lang='lat' dir='ltr'>duct</span> <span class='ocrx_word' id='word_1_176' title='bbox 1472 2537 1622 2619; x_wconf 72' lang='lat' dir='ltr'>atadtiyu</span> 
     </span>
     <span class='ocr_line' id='line_1_21' title="bbox 362 2642 557 2722; baseline -0.021 -16"><span class='ocrx_word' id='word_1_177' title='bbox 362 2642 474 2722; x_wconf 74' lang='lat' dir='ltr'>tappet</span> <span class='ocrx_word' id='word_1_178' title='bbox 497 2651 557 2702; x_wconf 89' lang='lat' dir='ltr'>etc.</span> 
     </span>
    </p>

    <p class='ocr_par' dir='ltr' id='par_1_6' title="bbox 362 2740 1697 4075">
     <span class='ocr_line' id='line_1_22' title="bbox 448 2740 1621 2827; baseline -0.001 -22"><span class='ocrx_word' id='word_1_179' title='bbox 448 2743 524 2806; x_wconf 86' lang='lat' dir='ltr'>Not.</span> <span class='ocrx_word' id='word_1_180' title='bbox 548 2761 570 2806; x_wconf 93' lang='lat'>1.</span> <span class='ocrx_word' id='word_1_181' title='bbox 616 2741 679 2804; x_wconf 92' lang='lat' dir='ltr'>Hic</span> <span class='ocrx_word' id='word_1_182' title='bbox 709 2740 861 2804; x_wconf 87' lang='lat' dir='ltr'>articulus</span> <span class='ocrx_word' id='word_1_183' title='bbox 885 2741 1031 2825; x_wconf 89' lang='lat' dir='ltr'>quamvis</span> <span class='ocrx_word' id='word_1_184' title='bbox 1055 2764 1128 2804; x_wconf 92' lang='lat' dir='ltr'>cum</span> <span class='ocrx_word' id='word_1_185' title='bbox 1153 2742 1343 2827; x_wconf 88' lang='lat' dir='ltr'>pronomine</span> <span class='ocrx_word' id='word_1_186' title='bbox 1368 2742 1621 2805; x_wconf 88' lang='lat' dir='ltr'>demonstrativo</span> 
     </span>
     <span class='ocr_line' id='line_1_23' title="bbox 362 2844 1621 2930; baseline -0.004 -17"><span class='ocrx_word' id='word_1_187' title='bbox 362 2849 488 2930; x_wconf 79' lang='grc' dir='ltr'><em>ήήθηηα,</em></span> <span class='ocrx_word' id='word_1_188' title='bbox 510 2846 646 2923; x_wconf 82' lang='grc' dir='ltr'><em>ἀήθηηα,</em></span> <span class='ocrx_word' id='word_1_189' title='bbox 668 2845 748 2909; x_wconf 88' lang='grc' dir='ltr'><em>ἀήθη</em></span> <span class='ocrx_word' id='word_1_190' title='bbox 769 2845 855 2918; x_wconf 78' lang='grc' dir='ltr'><em>ἀήθη,</em></span> <span class='ocrx_word' id='word_1_191' title='bbox 877 2845 957 2909; x_wconf 88' lang='grc' dir='ltr'><em>ἀήθη</em></span> <span class='ocrx_word' id='word_1_192' title='bbox 971 2844 1033 2910; x_wconf 79' lang='grc' dir='ltr'><em>ήάη</em></span> <span class='ocrx_word' id='word_1_193' title='bbox 1055 2867 1202 2930; x_wconf 88' lang='lat' dir='ltr'>magnam</span> <span class='ocrx_word' id='word_1_194' title='bbox 1218 2846 1475 2909; x_wconf 89' lang='lat' dir='ltr'>convenientiam</span> <span class='ocrx_word' id='word_1_195' title='bbox 1493 2845 1621 2930; x_wconf 88' lang='lat' dir='ltr'>habeat,</span> 
     </span>
     <span class='ocr_line' id='line_1_24' title="bbox 363 2943 1621 3037; baseline -0.001 -23"><span class='ocrx_word' id='word_1_196' title='bbox 363 2975 413 3030; x_wconf 89' lang='lat' dir='ltr'>ec,</span> <span class='ocrx_word' id='word_1_197' title='bbox 436 2955 522 3037; x_wconf 92' lang='lat' dir='ltr'>quod</span> <span class='ocrx_word' id='word_1_198' title='bbox 546 2949 637 3034; x_wconf 91' lang='lat' dir='ltr'>quasi</span> <span class='ocrx_word' id='word_1_199' title='bbox 660 2947 805 3032; x_wconf 88' lang='lat' dir='ltr'>quaedam</span> <span class='ocrx_word' id='word_1_200' title='bbox 829 2943 1070 3012; x_wconf 85' lang='lat' dir='ltr'>demonstrandi</span> <span class='ocrx_word' id='word_1_201' title='bbox 1094 2951 1141 3012; x_wconf 93' lang='lat' dir='ltr'>vis</span> <span class='ocrx_word' id='word_1_202' title='bbox 1165 2951 1195 3012; x_wconf 89' lang='lat' dir='ltr'>ei</span> <span class='ocrx_word' id='word_1_203' title='bbox 1218 2951 1323 3012; x_wconf 89' lang='lat' dir='ltr'>inesse</span> <span class='ocrx_word' id='word_1_204' title='bbox 1347 2949 1505 3034; x_wconf 89' lang='lat' dir='ltr'>videatur,</span> <span class='ocrx_word' id='word_1_205' title='bbox 1529 2973 1621 3013; x_wconf 84' lang='lat' dir='ltr'>secu·</span> 
     </span>
     <span class='ocr_line' id='line_1_25' title="bbox 362 3053 1622 3138; baseline -0.002 -19"><span class='ocrx_word' id='word_1_206' title='bbox 362 3057 462 3119; x_wconf 88' lang='lat' dir='ltr'>ratius</span> <span class='ocrx_word' id='word_1_207' title='bbox 491 3069 598 3118; x_wconf 87' lang='lat' dir='ltr'>tamen</span> <span class='ocrx_word' id='word_1_208' title='bbox 633 3053 702 3136; x_wconf 90' lang='lat' dir='ltr'>ejus</span> <span class='ocrx_word' id='word_1_209' title='bbox 732 3064 878 3116; x_wconf 90' lang='lat' dir='ltr'>naturam</span> <span class='ocrx_word' id='word_1_210' title='bbox 902 3053 1119 3137; x_wconf 85' lang='lat' dir='ltr'>perpendenti</span> <span class='ocrx_word' id='word_1_211' title='bbox 1142 3054 1217 3116; x_wconf 88' lang='lat' dir='ltr'>satis</span> <span class='ocrx_word' id='word_1_212' title='bbox 1242 3065 1341 3138; x_wconf 92' lang='lat' dir='ltr'>patet,</span> <span class='ocrx_word' id='word_1_213' title='bbox 1366 3075 1439 3116; x_wconf 88' lang='lat' dir='ltr'>eum</span> <span class='ocrx_word' id='word_1_214' title='bbox 1463 3077 1481 3116; x_wconf 90' lang='lat' dir='ltr'>a</span> <span class='ocrx_word' id='word_1_215' title='bbox 1505 3077 1622 3138; x_wconf 90' lang='lat' dir='ltr'>prono·</span> 
     </span>
     <span class='ocr_line' id='line_1_26' title="bbox 364 3156 1623 3240; baseline -0.002 -17"><span class='ocrx_word' id='word_1_216' title='bbox 364 3161 449 3222; x_wconf 90' lang='lat' dir='ltr'>mine</span> <span class='ocrx_word' id='word_1_217' title='bbox 474 3156 728 3222; x_wconf 88' lang='lat' dir='ltr'>demonstrativo</span> <span class='ocrx_word' id='word_1_218' title='bbox 763 3156 858 3240; x_wconf 81' lang='lat' dir='ltr'>longe</span> <span class='ocrx_word' id='word_1_219' title='bbox 888 3156 1050 3219; x_wconf 92' lang='lat' dir='ltr'>diversum</span> <span class='ocrx_word' id='word_1_220' title='bbox 1075 3179 1154 3220; x_wconf 87' lang='lat' dir='ltr'>esse.</span> <span class='ocrx_word' id='word_1_221' title='bbox 1201 3157 1287 3220; x_wconf 93' lang='lat' dir='ltr'>Illud</span> <span class='ocrx_word' id='word_1_222' title='bbox 1312 3158 1398 3220; x_wconf 90' lang='lat' dir='ltr'>enim</span> <span class='ocrx_word' id='word_1_223' title='bbox 1423 3158 1623 3221; x_wconf 85' lang='lat' dir='ltr'>demonstrat</span> 
     </span>
     <span class='ocr_line' id='line_1_27' title="bbox 363 3259 1623 3347; baseline -0.002 -21"><span class='ocrx_word' id='word_1_224' title='bbox 363 3286 400 3326; x_wconf 91' lang='lat' dir='ltr'>ac</span> <span class='ocrx_word' id='word_1_225' title='bbox 422 3263 575 3347; x_wconf 84' lang='lat' dir='ltr'>indigitat</span> <span class='ocrx_word' id='word_1_226' title='bbox 598 3273 718 3324; x_wconf 88' lang='lat' dir='ltr'>certam</span> <span class='ocrx_word' id='word_1_227' title='bbox 741 3281 821 3340; x_wconf 88' lang='lat' dir='ltr'>rem,</span> <span class='ocrx_word' id='word_1_228' title='bbox 846 3273 878 3322; x_wconf 90' lang='lat' dir='ltr'>et</span> <span class='ocrx_word' id='word_1_229' title='bbox 894 3259 1084 3344; x_wconf 86' lang='lat' dir='ltr'>plerumque</span> <span class='ocrx_word' id='word_1_230' title='bbox 1101 3272 1225 3324; x_wconf 90' lang='lat' dir='ltr'>certum</span> <span class='ocrx_word' id='word_1_231' title='bbox 1241 3260 1445 3326; x_wconf 87' lang='lat' dir='ltr'>individuum</span> <span class='ocrx_word' id='word_1_232' title='bbox 1463 3261 1496 3323; x_wconf 90' lang='lat' dir='ltr'>in</span> <span class='ocrx_word' id='word_1_233' title='bbox 1513 3262 1623 3346; x_wconf 89' lang='lat' dir='ltr'>singu-</span> 
     </span>
     <span class='ocr_line' id='line_1_28' title="bbox 363 3362 1622 3449; baseline -0.001 -20"><span class='ocrx_word' id='word_1_234' title='bbox 363 3367 422 3430; x_wconf 89' lang='lat' dir='ltr'>lari</span> <span class='ocrx_word' id='word_1_235' title='bbox 440 3387 573 3428; x_wconf 90' lang='lat' dir='ltr'>numero</span> <span class='ocrx_word' id='word_1_236' title='bbox 597 3365 650 3426; x_wconf 90' lang='lat' dir='ltr'>vel</span> <span class='ocrx_word' id='word_1_237' title='bbox 674 3377 760 3426; x_wconf 88' lang='lat' dir='ltr'>certa</span> <span class='ocrx_word' id='word_1_238' title='bbox 783 3375 816 3425; x_wconf 92' lang='lat' dir='ltr'>et</span> <span class='ocrx_word' id='word_1_239' title='bbox 839 3362 1051 3426; x_wconf 87' lang='lat' dir='ltr'>determinata</span> <span class='ocrx_word' id='word_1_240' title='bbox 1074 3363 1251 3441; x_wconf 90' lang='lat' dir='ltr'>individua,</span> <span class='ocrx_word' id='word_1_241' title='bbox 1275 3364 1309 3426; x_wconf 93' lang='lat' dir='ltr'>in</span> <span class='ocrx_word' id='word_1_242' title='bbox 1332 3365 1449 3449; x_wconf 88' lang='lat' dir='ltr'>plurali</span> <span class='ocrx_word' id='word_1_243' title='bbox 1470 3387 1622 3428; x_wconf 89' lang='lat' dir='ltr'>numero:</span> 
     </span>
     <span class='ocr_line' id='line_1_29' title="bbox 363 3464 1697 3555; baseline -0.001 -22"><span class='ocrx_word' id='word_1_244' title='bbox 363 3470 449 3555; x_wconf 93' lang='lat' dir='ltr'>quod</span> <span class='ocrx_word' id='word_1_245' title='bbox 483 3492 548 3532; x_wconf 90' lang='lat' dir='ltr'>non</span> <span class='ocrx_word' id='word_1_246' title='bbox 571 3469 649 3531; x_wconf 87' lang='lat' dir='ltr'>facit</span> <span class='ocrx_word' id='word_1_247' title='bbox 679 3466 731 3529; x_wconf 92' lang='lat' dir='ltr'>hic</span> <span class='ocrx_word' id='word_1_248' title='bbox 755 3467 917 3549; x_wconf 90' lang='lat' dir='ltr'>articulus,</span> <span class='ocrx_word' id='word_1_249' title='bbox 942 3467 1062 3552; x_wconf 91' lang='lat' dir='ltr'>quippe</span> <span class='ocrx_word' id='word_1_250' title='bbox 1086 3468 1141 3552; x_wconf 91' lang='lat' dir='ltr'>qui</span> <span class='ocrx_word' id='word_1_251' title='bbox 1164 3468 1276 3551; x_wconf 88' lang='lat' dir='ltr'>generi</span> <span class='ocrx_word' id='word_1_252' title='bbox 1299 3469 1353 3530; x_wconf 91' lang='lat' dir='ltr'>vel</span> <span class='ocrx_word' id='word_1_253' title='bbox 1376 3467 1497 3553; x_wconf 88' lang='lat' dir='ltr'>speciei</span> <span class='ocrx_word' id='word_1_254' title='bbox 1521 3469 1622 3554; x_wconf 92' lang='lat' dir='ltr'>appli·</span> <span class='ocrx_word' id='word_1_255' title='bbox 1694 3464 1697 3470; x_wconf 72' lang='grc'><em>’</em></span> 
     </span>
     <span class='ocr_line' id='line_1_30' title="bbox 363 3571 1623 3657; baseline -0.001 -21"><span class='ocrx_word' id='word_1_256' title='bbox 363 3587 463 3657; x_wconf 85' lang='lat' dir='ltr'>catur,</span> <span class='ocrx_word' id='word_1_257' title='bbox 486 3572 610 3657; x_wconf 79' lang='lat' dir='ltr'>(Etiam</span> <span class='ocrx_word' id='word_1_258' title='bbox 634 3572 680 3634; x_wconf 89' lang='lat' dir='ltr'>sic</span> <span class='ocrx_word' id='word_1_259' title='bbox 696 3571 944 3634; x_wconf 85' lang='lat' dir='ltr'>demonstrando</span> <span class='ocrx_word' id='word_1_260' title='bbox 962 3571 1133 3656; x_wconf 87' lang='lat' dir='ltr'>distinguit</span> <span class='ocrx_word' id='word_1_261' title='bbox 1148 3594 1250 3656; x_wconf 89' lang='lat' dir='ltr'>genus</span> <span class='ocrx_word' id='word_1_262' title='bbox 1267 3593 1429 3656; x_wconf 88' lang='lat' dir='ltr'>agenere,</span> <span class='ocrx_word' id='word_1_263' title='bbox 1446 3573 1587 3656; x_wconf 88' lang='lat' dir='ltr'>speciem</span> <span class='ocrx_word' id='word_1_264' title='bbox 1605 3597 1623 3635; x_wconf 87' lang='lat' dir='ltr'>a</span> 
     </span>
     <span class='ocr_line' id='line_1_31' title="bbox 363 3674 1621 3763; baseline -0.002 -22"><span class='ocrx_word' id='word_1_265' title='bbox 363 3677 488 3763; x_wconf 91' lang='lat' dir='ltr'>specie)</span> <span class='ocrx_word' id='word_1_266' title='bbox 511 3674 567 3739; x_wconf 86' lang='lat' dir='ltr'>sed</span> <span class='ocrx_word' id='word_1_267' title='bbox 592 3688 715 3738; x_wconf 86' lang='lat' dir='ltr'>tanturn</span> <span class='ocrx_word' id='word_1_268' title='bbox 740 3687 934 3759; x_wconf 90' lang='lat' dir='ltr'>respectum,</span> <span class='ocrx_word' id='word_1_269' title='bbox 957 3687 992 3737; x_wconf 91' lang='lat' dir='ltr'>ut</span> <span class='ocrx_word' id='word_1_270' title='bbox 1017 3697 1114 3758; x_wconf 88' lang='lat' dir='ltr'>supra</span> <span class='ocrx_word' id='word_1_271' title='bbox 1141 3675 1292 3760; x_wconf 86' lang='lat' dir='ltr'>diximus,</span> <span class='ocrx_word' id='word_1_272' title='bbox 1310 3675 1478 3759; x_wconf 88' lang='lat' dir='ltr'>designare</span> <span class='ocrx_word' id='word_1_273' title='bbox 1496 3675 1621 3760; x_wconf 89' lang='lat' dir='ltr'>satagit.</span> 
     </span>
     <span class='ocr_line' id='line_1_32' title="bbox 364 3779 1625 3864; baseline -0.002 -20"><span class='ocrx_word' id='word_1_274' title='bbox 364 3781 418 3844; x_wconf 88' lang='lat' dir='ltr'>Sic</span> <span class='ocrx_word' id='word_1_275' title='bbox 440 3782 500 3845; x_wconf 80' lang='lat' dir='ltr'>deu</span> <span class='ocrx_word' id='word_1_276' title='bbox 513 3781 631 3864; x_wconf 77' lang='lat' dir='ltr'>fdrste,</span> <span class='ocrx_word' id='word_1_277' title='bbox 654 3781 714 3844; x_wconf 87' lang='grc' dir='ltr'>ἀθη</span> <span class='ocrx_word' id='word_1_278' title='bbox 736 3779 837 3843; x_wconf 80' lang='grc' dir='ltr'><em>αηάηθ</em></span> <span class='ocrx_word' id='word_1_279' title='bbox 853 3793 912 3844; x_wconf 87' lang='lat' dir='ltr'>etc.</span> <span class='ocrx_word' id='word_1_280' title='bbox 930 3779 994 3842; x_wconf 86' lang='lat' dir='ltr'>non</span> <span class='ocrx_word' id='word_1_281' title='bbox 1011 3781 1210 3842; x_wconf 87' lang='lat' dir='ltr'>demonstrat</span> <span class='ocrx_word' id='word_1_282' title='bbox 1225 3792 1348 3842; x_wconf 89' lang='lat' dir='ltr'>certum</span> <span class='ocrx_word' id='word_1_283' title='bbox 1366 3779 1570 3842; x_wconf 88' lang='lat' dir='ltr'>individuum</span> <span class='ocrx_word' id='word_1_284' title='bbox 1588 3793 1625 3842; x_wconf 88' lang='lat' dir='ltr'>ut</span> 
     </span>
     <span class='ocr_line' id='line_1_33' title="bbox 362 3882 1623 3968; baseline -0.003 -18"><span class='ocrx_word' id='word_1_285' title='bbox 362 3886 423 3950; x_wconf 85' lang='lat' dir='ltr'>deu</span> <span class='ocrx_word' id='word_1_286' title='bbox 445 3885 526 3949; x_wconf 76' lang='lat' dir='ltr'>dtr:</span> <span class='ocrx_word' id='word_1_287' title='bbox 550 3883 624 3968; x_wconf 91' lang='lat' dir='ltr'>quia</span> <span class='ocrx_word' id='word_1_288' title='bbox 646 3896 781 3968; x_wconf 89' lang='lat' dir='ltr'>possunt</span> <span class='ocrx_word' id='word_1_289' title='bbox 809 3882 896 3945; x_wconf 87' lang='lat' dir='ltr'>varia</span> <span class='ocrx_word' id='word_1_290' title='bbox 918 3882 1086 3945; x_wconf 91' lang='lat' dir='ltr'>individua</span> <span class='ocrx_word' id='word_1_291' title='bbox 1110 3884 1244 3946; x_wconf 85' lang='lat' dir='ltr'>diversae</span> <span class='ocrx_word' id='word_1_292' title='bbox 1268 3883 1388 3968; x_wconf 90' lang='lat' dir='ltr'>speciei</span> <span class='ocrx_word' id='word_1_293' title='bbox 1412 3884 1510 3946; x_wconf 89' lang='lat' dir='ltr'>etiam</span> <span class='ocrx_word' id='word_1_294' title='bbox 1526 3884 1623 3946; x_wconf 84' lang='lat' dir='ltr'>intel·</span> 
     </span>
     <span class='ocr_line' id='line_1_34' title="bbox 365 3986 1471 4075; baseline 0 -24"><span class='ocrx_word' id='word_1_295' title='bbox 365 3989 430 4075; x_wconf 92' lang='lat' dir='ltr'>legi</span> <span class='ocrx_word' id='word_1_296' title='bbox 454 4001 487 4051; x_wconf 89' lang='lat' dir='ltr'>et</span> <span class='ocrx_word' id='word_1_297' title='bbox 510 3987 676 4073; x_wconf 86' lang='lat' dir='ltr'>applicari,</span> <span class='ocrx_word' id='word_1_298' title='bbox 699 4000 736 4049; x_wconf 90' lang='lat' dir='ltr'>ut</span> <span class='ocrx_word' id='word_1_299' title='bbox 758 3986 880 4065; x_wconf 78' lang='grc' dir='ltr'><em>ήαηήθη,</em></span> <span class='ocrx_word' id='word_1_300' title='bbox 903 3986 1025 4066; x_wconf 73' lang='lat' dir='ltr'>husten,</span> <span class='ocrx_word' id='word_1_301' title='bbox 1048 3987 1185 4072; x_wconf 81' lang='grc' dir='ltr'><em>ήηηάθη,</em></span> <span class='ocrx_word' id='word_1_302' title='bbox 1208 3989 1338 4066; x_wconf 83' lang='grc' dir='ltr'><em>ήοηάθη,</em></span> <span class='ocrx_word' id='word_1_303' title='bbox 1361 3987 1471 4070; x_wconf 65' lang='lat' dir='ltr'>dcccc.</span> 
     </span>
    </p>

    <p class='ocr_par' dir='ltr' id='par_1_7' title="bbox 366 4087 1626 4700">
     <span class='ocr_line' id='line_1_35' title="bbox 453 4087 1622 4176; baseline 0 -22"><span class='ocrx_word' id='word_1_304' title='bbox 453 4091 546 4170; x_wconf 81' lang='lat' dir='ltr'>Quod</span> <span class='ocrx_word' id='word_1_305' title='bbox 570 4091 708 4176; x_wconf 88' lang='lat' dir='ltr'>amplius</span> <span class='ocrx_word' id='word_1_306' title='bbox 732 4087 836 4153; x_wconf 91' lang='lat' dir='ltr'>adhuc</span> <span class='ocrx_word' id='word_1_307' title='bbox 859 4103 958 4174; x_wconf 88' lang='lat' dir='ltr'>patet,</span> <span class='ocrx_word' id='word_1_308' title='bbox 982 4090 1154 4154; x_wconf 88' lang='lat' dir='ltr'>collatione</span> <span class='ocrx_word' id='word_1_309' title='bbox 1179 4091 1352 4155; x_wconf 86' lang='lat' dir='ltr'>saetacum</span> <span class='ocrx_word' id='word_1_310' title='bbox 1370 4091 1622 4176; x_wconf 84' lang='lat' dir='ltr'>liuguaLatina.</span> 
     </span>
     <span class='ocr_line' id='line_1_36' title="bbox 366 4194 1624 4280; baseline -0.002 -19"><span class='ocrx_word' id='word_1_311' title='bbox 366 4196 401 4262; x_wconf 85' lang='lat' dir='ltr'>Si</span> <span class='ocrx_word' id='word_1_312' title='bbox 436 4197 521 4260; x_wconf 87' lang='lat' dir='ltr'>enim</span> <span class='ocrx_word' id='word_1_313' title='bbox 556 4195 609 4258; x_wconf 92' lang='lat' dir='ltr'>hic</span> <span class='ocrx_word' id='word_1_314' title='bbox 637 4195 790 4258; x_wconf 90' lang='lat' dir='ltr'>articulus</span> <span class='ocrx_word' id='word_1_315' title='bbox 813 4194 895 4257; x_wconf 93' lang='lat' dir='ltr'>nihil</span> <span class='ocrx_word' id='word_1_316' title='bbox 917 4195 1003 4258; x_wconf 90' lang='lat' dir='ltr'>aliud</span> <span class='ocrx_word' id='word_1_317' title='bbox 1028 4209 1123 4278; x_wconf 89' lang='lat' dir='ltr'>esset,</span> <span class='ocrx_word' id='word_1_318' title='bbox 1155 4217 1249 4280; x_wconf 88' lang='lat' dir='ltr'>quam</span> <span class='ocrx_word' id='word_1_319' title='bbox 1283 4216 1460 4280; x_wconf 90' lang='lat' dir='ltr'>pronomen</span> <span class='ocrx_word' id='word_1_320' title='bbox 1493 4194 1624 4258; x_wconf 88' lang='lat' dir='ltr'>demon-</span> 
     </span>
     <span class='ocr_line' id='line_1_37' title="bbox 367 4299 1624 4384; baseline -0.003 -20"><span class='ocrx_word' id='word_1_321' title='bbox 367 4301 547 4378; x_wconf 87' lang='lat' dir='ltr'>strativum,</span> <span class='ocrx_word' id='word_1_322' title='bbox 583 4313 781 4384; x_wconf 89' lang='lat' dir='ltr'>sequeretur,</span> <span class='ocrx_word' id='word_1_323' title='bbox 816 4301 913 4382; x_wconf 91' lang='lat' dir='ltr'>quod,</span> <span class='ocrx_word' id='word_1_324' title='bbox 937 4299 1120 4383; x_wconf 87' lang='lat' dir='ltr'>ubicunque</span> <span class='ocrx_word' id='word_1_325' title='bbox 1155 4299 1207 4361; x_wconf 91' lang='lat' dir='ltr'>hic</span> <span class='ocrx_word' id='word_1_326' title='bbox 1242 4300 1394 4362; x_wconf 89' lang='lat' dir='ltr'>articulus</span> <span class='ocrx_word' id='word_1_327' title='bbox 1429 4299 1569 4362; x_wconf 86' lang='lat' dir='ltr'>occurrit</span> <span class='ocrx_word' id='word_1_328' title='bbox 1591 4300 1624 4361; x_wconf 91' lang='lat' dir='ltr'>in</span> 
     </span>
     <span class='ocr_line' id='line_1_38' title="bbox 368 4402 1625 4491; baseline -0.001 -22"><span class='ocrx_word' id='word_1_329' title='bbox 368 4407 479 4491; x_wconf 88' lang='lat' dir='ltr'>lingua</span> <span class='ocrx_word' id='word_1_330' title='bbox 501 4402 654 4480; x_wconf 83' lang='lat' dir='ltr'>Suecana,</span> <span class='ocrx_word' id='word_1_331' title='bbox 678 4404 711 4467; x_wconf 91' lang='lat' dir='ltr'>in</span> <span class='ocrx_word' id='word_1_332' title='bbox 735 4404 882 4466; x_wconf 90' lang='lat' dir='ltr'>versione</span> <span class='ocrx_word' id='word_1_333' title='bbox 906 4404 1023 4466; x_wconf 84' lang='lat' dir='ltr'>Latina</span> <span class='ocrx_word' id='word_1_334' title='bbox 1046 4403 1282 4487; x_wconf 87' lang='lat' dir='ltr'>exprimeretur</span> <span class='ocrx_word' id='word_1_335' title='bbox 1299 4426 1355 4489; x_wconf 91' lang='lat' dir='ltr'>per</span> <span class='ocrx_word' id='word_1_336' title='bbox 1372 4426 1549 4489; x_wconf 88' lang='lat' dir='ltr'>pronomen</span> <span class='ocrx_word' id='word_1_337' title='bbox 1561 4404 1625 4480; x_wconf 69' lang='lat' dir='ltr'>itte,</span> 
     </span>
     <span class='ocr_line' id='line_1_39' title="bbox 368 4507 1626 4594; baseline -0.001 -21"><span class='ocrx_word' id='word_1_338' title='bbox 368 4510 421 4573; x_wconf 89' lang='lat' dir='ltr'>vel</span> <span class='ocrx_word' id='word_1_339' title='bbox 443 4511 512 4574; x_wconf 73' lang='lat' dir='ltr'>istc.</span> <span class='ocrx_word' id='word_1_340' title='bbox 558 4508 603 4573; x_wconf 92' lang='lat' dir='ltr'>Ut</span> <span class='ocrx_word' id='word_1_341' title='bbox 626 4531 654 4572; x_wconf 87' lang='lat' dir='ltr'>e.</span> <span class='ocrx_word' id='word_1_342' title='bbox 677 4531 707 4594; x_wconf 91' lang='lat' dir='ltr'>g.</span> <span class='ocrx_word' id='word_1_343' title='bbox 732 4508 805 4572; x_wconf 80' lang='lat' dir='ltr'>Esa.</span> <span class='ocrx_word' id='word_1_344' title='bbox 829 4509 879 4572; x_wconf 87' lang='lat'>44.</span> <span class='ocrx_word' id='word_1_345' title='bbox 920 4507 1008 4590; x_wconf 73' lang='lat' dir='ltr'>Jaulc</span> <span class='ocrx_word' id='word_1_346' title='bbox 1029 4512 1070 4571; x_wconf 81' lang='lat' dir='ltr'>dr</span> <span class='ocrx_word' id='word_1_347' title='bbox 1092 4507 1173 4571; x_wconf 88' lang='grc' dir='ltr'><em>ἀήθη</em></span> <span class='ocrx_word' id='word_1_348' title='bbox 1188 4509 1305 4590; x_wconf 77' lang='lat' dir='ltr'>j&#39;drstc,</span> <span class='ocrx_word' id='word_1_349' title='bbox 1326 4511 1381 4590; x_wconf 74' lang='lat' dir='ltr'>tuq</span> <span class='ocrx_word' id='word_1_350' title='bbox 1396 4511 1436 4570; x_wconf 72' lang='grc' dir='ltr'><em>ἀν</em></span> <span class='ocrx_word' id='word_1_351' title='bbox 1451 4507 1532 4572; x_wconf 90' lang='grc' dir='ltr'><em>ἀήθη</em></span> <span class='ocrx_word' id='word_1_352' title='bbox 1548 4510 1626 4572; x_wconf 78' lang='lat' dir='ltr'>siste</span> 
     </span>
     <span class='ocr_line' id='line_1_40' title="bbox 366 4610 1624 4700; baseline -0.003 -24"><span class='ocrx_word' id='word_1_353' title='bbox 366 4627 545 4678; x_wconf 87' lang='lat' dir='ltr'>verteretur</span> <span class='ocrx_word' id='word_1_354' title='bbox 579 4637 636 4700; x_wconf 90' lang='lat' dir='ltr'>per</span> <span class='ocrx_word' id='word_1_355' title='bbox 670 4616 734 4692; x_wconf 85' lang='lat' dir='ltr'>c&#39;llc,</span> <span class='ocrx_word' id='word_1_356' title='bbox 773 4614 824 4675; x_wconf 92' lang='lat' dir='ltr'>vel</span> <span class='ocrx_word' id='word_1_357' title='bbox 855 4615 914 4676; x_wconf 76' lang='lat' dir='ltr'>istc</span> <span class='ocrx_word' id='word_1_358' title='bbox 936 4611 1069 4696; x_wconf 92' lang='lat' dir='ltr'>primus,</span> <span class='ocrx_word' id='word_1_359' title='bbox 1093 4614 1151 4675; x_wconf 78' lang='lat' dir='ltr'>istc</span> <span class='ocrx_word' id='word_1_360' title='bbox 1173 4611 1376 4674; x_wconf 85' lang='lat' dir='ltr'>novissimus.</span> <span class='ocrx_word' id='word_1_361' title='bbox 1421 4610 1517 4689; x_wconf 88' lang='lat' dir='ltr'>Item,</span> <span class='ocrx_word' id='word_1_362' title='bbox 1538 4610 1624 4694; x_wconf 93' lang='lat' dir='ltr'>quod</span> 
     </span>
    </p>
   </div>
   <div class='ocr_carea' id='block_1_3' title="bbox 365 4712 1626 4800">
    <p class='ocr_par' dir='ltr' id='par_1_8' title="bbox 365 4712 1626 4800">
     <span class='ocr_line' id='line_1_41' title="bbox 365 4712 1626 4800; baseline -0.004 -16"><span class='ocrx_word' id='word_1_363' title='bbox 365 4719 493 4784; x_wconf 88' lang='lat' dir='ltr'>Suetice</span> <span class='ocrx_word' id='word_1_364' title='bbox 519 4719 655 4783; x_wconf 85' lang='lat' dir='ltr'>dicimus</span> <span class='ocrx_word' id='word_1_365' title='bbox 679 4717 724 4782; x_wconf 89' lang='lat' dir='ltr'>K.</span> <span class='ocrx_word' id='word_1_366' title='bbox 751 4716 888 4799; x_wconf 79' lang='lat' dir='ltr'>Gustuff</span> <span class='ocrx_word' id='word_1_367' title='bbox 907 4716 988 4780; x_wconf 86' lang='grc' dir='ltr'><em>ἀήθη</em></span> <span class='ocrx_word' id='word_1_368' title='bbox 1000 4715 1118 4800; x_wconf 75' lang='lat' dir='ltr'>strate,</span> <span class='ocrx_word' id='word_1_369' title='bbox 1142 4715 1222 4780; x_wconf 91' lang='grc' dir='ltr'><em>ἀήθη</em></span> <span class='ocrx_word' id='word_1_370' title='bbox 1245 4716 1363 4794; x_wconf 78' lang='grc' dir='ltr'><em>αηάνθ,·</em></span> <span class='ocrx_word' id='word_1_371' title='bbox 1386 4714 1430 4779; x_wconf 87' lang='grc' dir='ltr'>Κ.</span> <span class='ocrx_word' id='word_1_372' title='bbox 1451 4712 1531 4780; x_wconf 78' lang='lat' dir='ltr'>Ocri</span> <span class='ocrx_word' id='word_1_373' title='bbox 1545 4715 1626 4779; x_wconf 86' lang='grc' dir='ltr'><em>ἀήθη</em></span> 
     </span>
    </p>
   </div>
   <div class='ocr_carea' id='block_1_4' title="bbox 0 0 1847 5694">
    <p class='ocr_par' dir='ltr' id='par_1_9' title="bbox 0 0 1847 5694">
     <span class='ocr_line' id='line_1_42' title="bbox 0 0 1847 5694; baseline 0 0"><span class='ocrx_word' id='word_1_374' title='bbox 0 0 1847 5694; x_wconf 95' lang='lat' dir='ltr'> </span> 
     </span>
    </p>
   </div>
  </div>
 </body>
</html>
