3674 5694
348 485 387 544 26
670 487 718 545 Er.
741 487 893 544 Aurivillii
918 488 1112 546 Grammatiea
1136 489 1271 546 Svenana.

348 667 416 730 fere
447 668 610 754 alphabeti
644 669 755 734 literas
790 669 985 734 desinentia:
1010 691 1118 753 spana,
1142 671 1247 747 tatano,
1270 671 1367 746 hund,
1392 670 1498 748 bonde,
1522 670 1602 752 belf,

345 773 439 855 duay,
464 774 560 848 stonlt,
584 775 668 852 sual,
691 775 806 849 tamna,
830 796 916 852 mun,
933 775 1018 852 sboo,
1035 781 1118 858 topp,
1135 796 1226 850 narr,
1234 775 1325 859 fore,
1341 775 1417 849 tart,
1435 775 1501 856 latr,
1514 773 1603 856 sltyy,

347 881 480 952 sanante,
515 878 587 960 ectri,
610 878 707 952 kncid,
731 881 820 944 snr'o'li
844 890 905 940 etc.
951 878 1088 943 Femina
1111 881 1243 960 quinne,
1268 879 1363 955 hond,
1387 877 1476 960 slerf,
1499 877 1604 958 wcirtp,

347 979 450 1052 naula,
485 979 589 1053 stunt,
621 981 754 1058 sknmnr,
789 981 918 1064 ntapan,
953 983 1038 1059 bron,
1063 1005 1168 1065 praep,
1193 983 1283 1057 bitin,
1307 1001 1391 1056 roos,
1415 985 1494 1054 root,
1514 981 1605 1061 fanu,

348 1102 419 1157 sas,
454 1084 520 1160 ton,
543 1088 611 1150 not
634 1097 694 1148 eto.
741 1084 879 1148 Neutra:
902 1084 1016 1162 bieria,
1040 1085 1144 1168 dnnrb,
1168 1086 1261 1156 band.
1285 1085 1399 1168 styclte.
1423 1084 1518 1165 breef,
1543 1086 1605 1164 cipp

349 1185 398 1268 by,
432 1185 520 1265 tout,
553 1188 627 1265 stet,
650 1189 749 1271 mitit,
782 1188 877 1270 beenn,
900 1188 1004 1271 steen,
1028 1190 1093 1262 boo,
1118 1210 1200 1270 resp,
1223 1187 1318 1266 baar,
1341 1207 1413 1268 aaa,
1437 1186 1507 1251 non
1529 1185 1605 1263 bnn,

350 1288 433 1372 blyy,
456 1289 614 1364 tredente,
637 1292 741 1367 sitrici,
756 1291 834 1374 fiiri,
857 1291 924 1356 not.
1403 1349 1406 1355 ,

437 1392 720 1479 Compositum,
744 1394 830 1478 quod
854 1415 896 1456 ex
912 1394 1037 1457 duobus
1054 1395 1242 1480 pluribusve
1260 1395 1453 1470 nominibus,
1467 1392 1520 1455 vel
1536 1391 1606 1454 aliis

350 1496 447 1560 etiam
482 1497 627 1574 vocibus,
661 1510 710 1560 est
734 1498 958 1582 compositum.
1004 1498 1126 1584 Estque
1151 1511 1184 1561 et
1207 1499 1267 1562 hoe
1290 1499 1342 1561 vel
1365 1498 1530 1584 proprium
1555 1495 1607 1558 vel

350 1600 592 1686 appellativum.
1204 1663 1208 1672 ,

436 1703 616 1789 Proprium,
638 1719 673 1766 ut
690 1705 859 1788 regionum
880 1721 913 1766 et
932 1704 1135 1788 populorum,
1153 1725 1336 1786 regnorum,
1359 1703 1607 1788 provinciarum,

351 1807 490 1885 urbium,
514 1808 652 1884 laeuum,
676 1807 863 1890 insularum,
887 1808 1055 1890 montium,
1079 1807 1250 1870 fluviorum
1275 1819 1308 1869 et
1331 1806 1485 1889 amnium,
1501 1806 1607 1870 stella·

351 1932 485 1995 rumque
520 1911 650 1974 nomina
684 1910 813 1995 propria
842 1933 936 1995 quam
973 1910 1120 1994 plurime,
1156 1911 1195 1972 de
1225 1909 1341 1995 quibua
1367 1909 1488 1973 dietum
1514 1931 1609 1993 supra

352 2035 424 2099 pag.
444 2013 484 2076 23
508 2036 643 2098 quorum
668 2014 820 2099 pleraque
844 2014 951 2077 omnia
975 2036 1016 2076 ex
1040 2013 1165 2076 duobus
1181 2013 1315 2096 integris
1331 2026 1405 2076 sunt
1421 2013 1608 2098 composita.

442 2116 699 2202 Appellat-ivum,
737 2140 800 2203 quo
835 2117 999 2202 pertinent
1032 2117 1162 2179 nomina
1195 2137 1301 2178 rerum
1339 2137 1611 2201 quarumcunque.

353 2221 599 2305 Componuntur
622 2234 729 2284 autem
752 2222 805 2284 vel
829 2244 871 2284 ex
894 2221 1039 2305 integris,
1063 2221 1116 2284 vel
1139 2221 1310 2308 corruptis.

442 2327 468 2387 l.
513 2324 566 2388 Ex
601 2325 726 2388 duobus
761 2325 907 2410 integris,
942 2340 978 2388 ut
1012 2325 1158 2398 mantin,
1196 2326 1382 2407 quinnelr‘o'n
1417 2325 1611 2406 boopelunls,

353 2431 519 2512 meenjb're,
552 2429 732 2503 lutubensi,
766 2430 916 2506 elnensem,
951 2429 1179 2512 stepscapiten,
1208 2429 1451 2514 boffpredt’ltnnt,
1482 2428 1610 2512 tyaneo-

353 2533 476 2596 beercle.
511 2533 719 2614 sln'ntsyrissa
755 2544 832 2607 eto.;
858 2533 1022 2617 flirfurr'n,
1046 2534 1265 2608 nnderlrustut,
1288 2534 1439 2617 esterspn,
1462 2531 1613 2606 omnen,

354 2635 534 2718 bfwerseed,
559 2636 723 2718 seenfctdd.

441 2740 470 2800 2.
517 2737 579 2800 Vel
614 2759 655 2799 ex
689 2737 791 2800 tribus
825 2737 970 2822 integris,
1005 2750 1041 2799 ut
1074 2737 1321 2821 osbrwetenbeet,
1349 2737 1612 2819 ounduobtn'pbeet,

357 2841 613 2925 oforlt‘jltlt'ylteet,
639 2841 867 2924 strntbseennle
901 2851 962 2903 ete.
1010 2840 1317 2924 Koppurbeenwapn
1354 2844 1369 2903 1
1399 2841 1482 2906 Sam.
1509 2843 1558 2904 17:
1584 2840 1613 2902 6.

443 2945 473 3009 3.
518 2944 572 3007 Ex
595 2958 745 3029 corrupto
776 2957 809 3005 et
841 2943 979 3028 integro,
1004 2957 1040 3005 ut
1062 2945 1274 3025 strnmpband
1296 2967 1354 3030 pro
1377 2943 1614 3026 strnntpeband,

355 3048 517 3131 nndflycltt
538 3070 597 3133 pro
620 3047 835 3130 nudunflyobt.

443 3151 517 3213 Not.
532 3170 554 3215 1.
583 3149 646 3213 Sed
669 3172 740 3212 raro
764 3149 903 3212 occurrit
925 3149 998 3211 talis
1025 3147 1217 3232 compositio
1241 3147 1273 3209 in
1290 3147 1401 3230 lingua
1417 3160 1536 3223 nostra,
1553 3148 1615 3210 nisi

357 3254 391 3316 in
414 3253 541 3337 vulgari
564 3274 722 3327 sermone,
747 3275 788 3314 ex
812 3251 937 3314 duobus
961 3251 1119 3335 corruptis
1143 3273 1220 3312 vero
1243 3250 1300 3312 vix
1324 3273 1474 3335 unquam.

445 3356 520 3419 Not.
536 3375 569 3419 11.
601 3356 876 3440 Compositionem
902 3377 973 3417 eum
998 3354 1143 3440 genitivo
1167 3353 1294 3438 plurali,
1320 3355 1374 3438 qui
1397 3367 1475 3417 tune
1498 3353 1618 3417 desinit

358 3461 391 3523 in
425 3482 456 3542 a,
491 3472 527 3523 ut
560 3460 750 3542 tornatura,
784 3459 981 3533 landuinum,
1005 3457 1205 3534 ramaneat,
1234 3458 1433 3540 syndaflodlt,
1456 3457 1616 3541 ltonnnpu-

358 3563 449 3642 nilne.
497 3563 603 3626 Aliter
627 3585 698 3646 pag.
724 3562 766 3625 24
786 3562 1028 3644 ltonnnpsdlime,
1052 3560 1244 3643 tnnponniltl,
1267 3561 1508 3642 qninnolrtt'rlelt,
1533 3561 1614 3643 layo·

350 3667 436 3750 folle,
457 3666 626 3749 pisinnan,
649 3666 820 3742 andletnan,
844 3665 1085 3745 aubdmptninp.

635 3919 665 3982 ὃ.
712 3919 768 3983 De
792 3918 948 3983 Genese
971 3917 1341 3982 Substantivorum.

448 4075 573 4139 Genera
608 4075 771 4138 nominum
807 4073 1079 4136 substantivorum
1110 4086 1185 4135 sunt
1218 4086 1370 4158 quatuor:
1394 4074 1618 4152 masculinum,

361 4179 564 4254 femininum,
589 4192 739 4241 neutrum
763 4191 795 4240 et
819 4199 999 4240 commune.

449 4283 676 4363 Masculinum,
707 4282 797 4365 eujus
832 4294 908 4343 nota
940 4281 973 4342 in
1009 4280 1119 4365 lingua
1154 4279 1283 4343 Suetioa
1312 4292 1361 4341 est
1382 4280 1467 4358 burn·
1491 4280 1620 4365 quando

362 4389 442 4452 illud
478 4408 655 4472 pronomen
679 4398 766 4447 reete
791 4384 865 4447 addi
890 4397 1006 4468 potest,
1030 4397 1066 4446 ut
1088 4405 1173 4465 rnen,
1196 4383 1278 4457 bunt,
1303 4382 1399 4456 bnnd,
1421 4383 1543 4448 hunsle
1566 4384 1620 4446 vel

361 4493 497 4568 bansta,
520 4491 614 4574 knrjf,
639 4489 701 4571 lup,
725 4489 822 4558 storln
846 4489 935 4569 boop,
960 4489 1036 4552 bonit
1059 4500 1120 4550 ete.

448 4595 665 4667 Femininum‚
690 4593 780 4676 eujus
803 4605 879 4656 nota
902 4604 961 4666 est,
984 4590 1070 4674 quod
1094 4586 1262 4650 commode
1286 4586 1316 4648 ei
1333 4585 1408 4649 addi
1424 4598 1532 4670 potest
1548 4608 1620 4670 pro·

363 4721 480 4763 nomen
517 4699 589 4774 laon,
622 4710 658 4760 ut
684 4698 815 4778 quinne,
844 4694 1032 4770 mennisken,
1052 4692 1142 4774 jord,
1166 4690 1253 4774 sleef,
1279 4689 1342 4772 lup,
1364 4689 1430 4766 snt,
1450 4695 1527 4771 pest,
1552 4690 1620 4767 too,

363 4807 432 4874 nto
456 4815 517 4867 etc.
