3674 5694
713 517 761 582 Er.
785 519 938 583 Aurivillii
963 521 1159 585 Grammatico
1183 521 1320 586 Svecana.

534 827 590 891 De
614 827 786 891 Numero
811 828 1142 894 Declinationum
1166 829 1207 894 in
1231 830 1302 895 bac
1325 831 1486 916 Forma,

754 938 793 995 et
816 951 950 997 earum
974 931 1275 999 Distinctione.

468 1089 543 1151 Not.
590 1087 702 1172 Supra,
727 1111 798 1150 cum
824 1087 863 1148 de
888 1085 1158 1150 declinationibus
1183 1089 1216 1151 in
1240 1111 1370 1174 genere,
1395 1112 1570 1178 earumque
1586 1116 1644 1155 nu·

382 1215 470 1255 mero
493 1193 526 1254 in
550 1205 684 1277 utraque
708 1191 959 1254 declinationum
984 1189 1088 1252 forma
1111 1213 1239 1276 agerem
1257 1215 1330 1278 pag.
1347 1195 1399 1267 37,
1417 1195 1643 1259 existimabam

381 1319 423 1358 ex
457 1295 581 1358 ratione
616 1295 752 1380 quadam
787 1295 833 1357 ibi
857 1294 963 1377 allata,
987 1305 1051 1356 tres
1070 1307 1195 1358 tantum
1219 1296 1252 1358 in
1276 1297 1420 1380 qualibet
1445 1298 1549 1362 forma
1572 1321 1643 1362 csse

381 1399 624 1474 declinationes,
661 1397 921 1480 masculinorum,
956 1397 1186 1460 femininorum
1222 1413 1254 1460 et
1290 1415 1494 1478 neutrorum3
1531 1418 1644 1488 postea

380 1526 457 1565 vero
479 1503 564 1587 (pag.
589 1505 644 1584 40)
668 1497 795 1564 ineam
819 1501 919 1564 incidi
942 1501 1139 1586 opinionem,
1163 1503 1248 1586 quod
1273 1519 1422 1589 respectu
1439 1505 1641 1592 babitoprae-

380 1607 474 1692 cipue
500 1607 538 1668 ad
562 1607 683 1668 variam
708 1605 898 1668 nominativi
922 1606 1056 1688 pluralis
1082 1605 1257 1669 flexionem
1281 1631 1434 1672 numerus
1459 1633 1495 1672 ac
1512 1611 1642 1672 distinc-
1686 1669 1687 1672 ,

379 1713 425 1775 tio
450 1711 703 1774 declinationum
729 1709 929 1772 commodius
953 1709 1027 1771 iniri
1052 1711 1161 1794 possit.
1208 1711 1285 1789 Quae
1308 1713 1467 1796 posterior
1482 1715 1642 1776 sententia

379 1815 555 1878 etiamnum
581 1813 681 1898 magis
707 1813 833 1878 arridet.
880 1811 965 1890 Quas
989 1826 1096 1874 autem
1114 1813 1154 1875 ob
1170 1814 1310 1877 rationes
1328 1839 1345 1878 a
1360 1817 1468 1901 priore
1485 1817 1638 1902 opinione

378 1917 577 1996 recesserim,
613 1940 683 1980 cum
718 1917 779 1978 iste
815 1915 977 1978 discursus
1011 1916 1168 2000 prolixior
1203 1918 1243 1980 sit
1268 1917 1407 1999 futurus,
1430 1919 1484 1983 hic
1507 1919 1638 2004 quidem

378 2023 505 2107 adferre
544 2045 609 2084 non
646 2033 748 2084 vacat.
806 2019 942 2104 Triplex
981 2032 1087 2082 autem
1126 2021 1372 2086 fundamentum
1410 2023 1639 2100 distinctionis,

380 2127 524 2210 adeoque
560 2139 592 2186 et
626 2125 752 2186 numeri
787 2123 1040 2186 declinationum
1064 2146 1150 2208 pono
1176 2126 1210 2208 1)
1234 2126 1512 2190 Terminationem
1538 2129 1640 2190 nomi-

379 2230 479 2294 nativi
514 2228 697 2314 singularis,
732 2250 801 2312 quae
835 2227 1029 2312 generaliter
1053 2240 1111 2301 est,
1135 2230 1188 2291 vel
1211 2229 1243 2292 in
1267 2230 1424 2308 vocalem,
1448 2231 1501 2293 vel
1525 2253 1639 2292 conso·

379 2347 518 2400 nantem.
565 2333 629 2396 Sed
665 2355 736 2396 cum
772 2330 852 2394 illud
882 2331 1032 2416 generale
1055 2332 1151 2394 nimis
1175 2333 1227 2404 sit,
1252 2356 1290 2396 eo
1314 2335 1400 2419 quod
1425 2347 1489 2396 tam
1517 2358 1640 2398 mascu-

377 2439 463 2513 linis,
498 2459 592 2522 quam
627 2435 792 2498 femininis
817 2449 850 2497 et
871 2435 994 2498 neutris
1019 2436 1191 2498 convenire
1215 2439 1327 2522 possit,
1352 2438 1436 2500 addo
1460 2440 1493 2518 2)
1518 2438 1640 2515 Genus,

379 2544 512 2626 ejusque
536 2553 686 2626 respectu
711 2539 819 2602 habito
844 2538 1096 2602 declinationum
1113 2539 1353 2604 distinctionem
1371 2545 1542 2606 constitue.
1575 2542 1638 2605 Sed

378 2669 450 2708 eum
485 2645 547 2709 tria
580 2645 636 2708 illa
670 2666 789 2728 genera
823 2644 942 2706 nullius
977 2666 1068 2706 casus
1103 2643 1245 2708 flexione
1269 2646 1370 2730 magis
1395 2668 1430 2709 ac
1454 2645 1639 2710 evidentius

377 2751 462 2812 inter
493 2772 563 2812 sese
598 2747 757 2824 differant,
796 2771 891 2832 quarn
926 2747 1118 2810 nominativi
1152 2747 1295 2833 pluralis,
1330 2749 1416 2834 idac,
1446 2751 1482 2835 3)
1506 2751 1544 2813 ad
1569 2753 1639 2835 ejus

377 2854 496 2917 variam
521 2852 696 2916 flexionem
714 2851 875 2937 praecipue
891 2865 1042 2936 respectu
1059 2850 1180 2930 habite,
1197 2851 1449 2916 declinationum
1467 2877 1638 2916 numerum

377 2981 413 3020 ac
437 2957 679 3020 distinctionem
704 2954 962 3019 commodissime
986 2956 1084 3018 statui
1108 2955 1270 3020 existimo.

464 3060 545 3124 Sunt
578 3060 678 3145 igitur
702 3059 748 3122 sio
772 3059 1004 3122 declinationes
1028 3058 1123 3143 hujus
1146 3059 1257 3123 formae
1281 3082 1355 3123 sex:
1379 3082 1449 3144 quae
1483 3061 1638 3146 deinceps

377 3166 489 3228 ordine
514 3187 586 3227 cum
612 3165 678 3226 suis
703 3162 977 3248 paradigmatibus
1000 3164 1180 3228 traduntur.

862 3439 961 3502 Prima
986 3438 1153 3502 Declinatio

804 3612 953 3676 Formae
988 3611 1202 3677 Absolutae.

460 3787 518 3851 Est
549 3787 606 3850 illa
641 3786 890 3850 masculinorum
914 3797 947 3848 et
970 3785 1209 3862 femininorum,
1234 3785 1267 3846 in
1291 3805 1517 3870 quamcunque
1541 3807 1637 3847 voca·

374 3891 437 3954 lem
468 3891 685 3956 desinentium
709 3890 872 3975 (exceptis
896 3889 1061 3952 femininis
1085 3889 1118 3952 in
1141 3891 1287 3974 a)‚nom.
1310 3887 1468 3972 pluralem
1492 3888 1635 3952 forman-

373 3995 465 4074 tium,
500 3995 626 4079 adjecto
656 4006 781 4057 tantum
805 4015 820 4058 e
844 3993 882 4055 ad
906 3992 1141 4055 nominativum
1166 3992 1373 4078 singularem,
1398 3993 1545 4078 exceptis
1569 3993 1637 4078 ple·

373 4099 480 4184 risque
516 4097 700 4162 masculinis
735 4097 768 4160 in
801 4119 826 4171 e,
851 4097 890 4158 de
920 4096 1035 4181 quibus
1059 4119 1155 4182 supra
1178 4118 1251 4182 pag.
1275 4097 1328 4180 46,
1352 4108 1479 4182 except.
1506 4098 1524 4159 2
1550 4111 1583 4160 et
1606 4098 1637 4180 3,

373 4203 429 4266 ubi
453 4202 549 4266 etiam
573 4203 681 4288 plures
706 4201 916 4286 exceptiones
940 4199 1120 4263 traduntur.

460 4305 630 4370 Genitivus
667 4305 834 4390 utriusque
869 4305 996 4367 numeri
1031 4303 1149 4367 desinit
1182 4301 1215 4365 in
1249 4324 1277 4381 a,
1313 4301 1352 4365 de
1377 4324 1440 4388 quo
1464 4302 1541 4366 satis
1566 4325 1637 4388 sup.

373 4433 445 4498 pag.
470 4411 522 4489 37,
546 4415 598 4476 48.

460 4516 595 4579 Dativus
631 4526 664 4577 et
687 4513 821 4586 ablatus,
847 4513 903 4598 qui
926 4533 1053 4598 semper
1077 4524 1152 4574 sunt
1181 4510 1312 4589 similes,
1336 4511 1369 4574 in
1393 4509 1475 4595 sing.
1500 4534 1636 4574 numero

373 4619 524 4682 desinunt
547 4619 579 4682 in
604 4641 628 4695 e,
648 4620 744 4704 juxta
767 4617 941 4680 flexionem
967 4616 1191 4701 antiquiorem,
1211 4616 1307 4698 juxta
1325 4615 1537 4678 recentiorem
1557 4638 1636 4679 vero

372 4723 493 4790 similes
517 4739 591 4787 sunt
614 4722 814 4786 nominativo
838 4721 892 4807 (de
916 4743 980 4807 quo
1005 4719 1152 4784 videatur
1176 4740 1248 4805 pag.
1272 4719 1324 4804 38,
1347 4719 1408 4806 39).
