3674 5694
707 509 754 568 Er.
780 509 930 566 Aurivillii
955 507 1150 566 Grammatica
1174 507 1311 592 Svccana.

803 727 844 790 ΙΙ.
891 725 943 791 lie
966 721 1157 790 Prosodia.

439 883 593 947 Prosodia
617 883 712 944 docet
744 881 915 944 discrimen
939 880 1134 964 syllabarum
1158 879 1281 942 ratione
1306 877 1505 962 quantitatis,
1529 901 1612 962 quae·

353 1011 426 1050 nam
461 987 616 1050 videlicet
639 1009 747 1048 earum
771 986 885 1070 longae,
909 1007 1052 1068 quasnam
1078 984 1191 1046 breves
1216 982 1269 1044 vel
1292 981 1449 1066 ancipites
1473 981 1548 1060 sint,
1578 992 1612 1047 ut

352 1115 415 1177 qua
439 1115 527 1154 mora
549 1091 581 1152 iu
607 1089 847 1174 pronunciando
872 1088 979 1151 efferri
1003 1087 1151 1168 debeant,
1176 1099 1321 1149 constare
1346 1087 1456 1170 possit.

438 1195 512 1256 Not.
559 1193 716 1271 Quoniam
737 1204 843 1254 antem
863 1215 919 1254 nos
939 1191 990 1254 hic
1008 1190 1191 1276 prosodiam
1204 1201 1489 1270 concrematam
1505 1188 1612 1273 po‘esis

351 1298 488 1383 requirit
511 1297 559 1379 (id
585 1297 670 1358 enirn
694 1294 823 1379 majoris
847 1317 952 1378 operae
975 1317 1012 1357 ac
1035 1293 1152 1356 laboris
1176 1293 1288 1377 foret),
1313 1292 1368 1354 sed
1387 1292 1614 1376 quatenusilla

352 1400 611 1486 pronunciationi
629 1412 751 1462 tanturn
767 1399 912 1480 inservit,
925 1398 1066 1460 breviter
1084 1397 1242 1481 attingere
1261 1395 1446 1480 satagimus,
1464 1409 1558 1480 atque
1573 1394 1613 1458 ad

351 1504 413 1568 hoc
436 1503 628 1588 potissimun
653 1501 811 1564 conducat
832 1501 972 1583 'diligens
997 1501 1178 1563 observatio
1202 1512 1363 1576 accentus,
1386 1522 1442 1562 seu
1468 1499 1613 1582 toni,qui

353 1609 484 1691 syllabas
518 1631 631 1670 sonum
662 1607 796 1670 attollit:
822 1606 861 1668 de
886 1605 999 1673 eobic
1022 1605 1150 1688 regulas
1174 1603 1326 1688 quasdam
1351 1603 1518 1687 generales
1544 1627 1612 1686 pro·

354 1735 510 1798 ponemus
545 1735 615 1773 cum
653 1709 899 1793 exceptionibus
934 1709 1108 1790 nonnullis,
1142 1731 1219 1792 quas
1251 1706 1406 1770 hactenus
1442 1708 1612 1770 observare

353 1817 528 1900 potuimus,
564 1828 599 1878 ut
634 1813 811 1898 peregrinis
850 1813 963 1876 saltem
1007 1813 1144 1897 aliquale
1185 1811 1364 1874 subsidium
1410 1811 1449 1874 ad
1495 1811 1612 1894 linguae

354 1920 506 1984 Suecanae
541 1918 839 2004 pronunciationem
864 1917 1104 2002 percipiendam
1130 1916 1384 2001 suppeditemus.
1431 1915 1512 1978 Cum
1538 1937 1614 1998 prae·

354 2039 441 2087 terea
476 2024 515 2086 ad
550 2023 686 2086 Sueticae
720 2021 838 2105 linguae
873 2021 1171 2107 pronunciationem
1207 2036 1240 2083 et
1273 2020 1464 2104 scripturam
1493 2031 1613 2082 rectam

353 2126 501 2190 nonnihil
535 2127 690 2208 conferat,
724 2124 921 2209 apostrophi,
956 2146 1114 2208 syncopen
1149 2137 1183 2186 et
1217 2145 1376 2208 apocopes
1405 2137 1438 2185 et
1461 2122 1613 2184 diastoles

354 2231 469 2294 notitia
493 2231 532 2292 de
556 2229 621 2292 illis
645 2251 773 2315 quoque
796 2241 909 2314 postea
933 2227 1037 2290 obiter
1061 2227 1182 2312 aliquid
1207 2249 1350 2311 agemus.

851 2469 904 2532 De
933 2473 1119 2534 Accentu.

442 2612 617 2684 Accentus,
653 2609 707 2694 qui
741 2609 793 2672 bic
817 2608 946 2693 quidem
976 2609 1008 2670 in
1034 2607 1323 2670 considerationem
1349 2605 1458 2668 venire
1484 2604 1613 2689 poterit,

355 2714 469 2777 unicus
504 2725 627 2776 tantum
664 2736 733 2776 esse
768 2713 948 2796 videtur,¹)
982 2734 1110 2795 nempe,
1140 2711 1196 2797 qui
1225 2709 1310 2794 apud
1346 2708 1472 2772 Graecos
1502 2721 1614 2771 acutus

355 2831 497 2880 vocatur.
546 2817 659 2901 Neque
695 2830 801 2878 tamen
838 2829 926 2878 certo
961 2813 1069 2898 aliquo
1104 2815 1196 2897 signo
1231 2813 1436 2896 exprimitur,
1460 2824 1495 2873 ut
1530 2811 1614 2896 apud

356 2920 494 3004 Graecos,
535 2920 591 2983 sed
633 2943 675 2982 ex
709 2921 779 3006 ipsa
817 2917 1085 3004 pronunciatione
1131 2916 1343 3000 dignoscitur,
1378 2938 1447 3000 quae
1492 2915 1616 2998 syllaba

358 3023 536 3087 attollenda
560 3023 611 3105 sit,
636 3023 688 3084 vel
712 3045 785 3084 non.
800 3023 827 3094 ²)

442 3130 607 3189 Accentus
631 3149 708 3188 vero
733 3126 839 3187 nullus
864 3125 931 3185 fore
960 3146 1035 3186 usus
1060 3123 1164 3185 estin
1191 3121 1431 3204 monosyllabis,
1452 3143 1565 3183 verum
1582 3121 1614 3183 in

355 3231 489 3294 vocibus
508 3230 615 3313 plures
640 3229 778 3312 syllabas
801 3227 1003 3292 habentibus.
1051 3227 1118 3289 lllae
1142 3239 1248 3289 autem
1273 3226 1324 3287 vel
1349 3224 1515 3308 bisyllabae
1531 3239 1615 3306 sunt,

356 3335 409 3398 vel
428 3333 612 3417 trisyllabos,
636 3347 690 3394 aut
714 3331 940 3416 polysyllabae;
964 3329 1125 3414 quomodo
1144 3329 1343 3414 appellamus
1371 3351 1481 3390 omnes
1509 3351 1616 3407 voces,

356 3438 547 3522 plusquam
571 3451 635 3498 tres
659 3435 798 3519 syllabas
822 3433 998 3497 continent.

444 3541 549 3603 Voces
584 3539 730 3624 proinde,
754 3561 951 3624 quaecunque
974 3549 1141 3600 accentum
1166 3535 1295 3619 habent,
1322 3549 1376 3598 aut·
1400 3558 1472 3597 eum
1497 3534 1617 3598 habent

356 3645 388 3706 in
424 3644 547 3719 ultima,
577 3655 632 3705 aut
655 3642 687 3704 in
712 3643 901 3726 penultima,
926 3655 980 3704 aut
1004 3641 1036 3702 in
1061 3639 1310 3724 propenultima,
1335 3639 1444 3701 autin
1470 3653 1616 3722 antepro-

357 3747 547 3832 penultima,
573 3745 634 3808 hoc
658 3761 706 3808 est
729 3760 841 3830 quarta
865 3745 996 3829 syllaba.
1043 3743 1162 3806 Omnes
1187 3765 1264 3805 vero
1288 3743 1419 3826 syllabae
1444 3755 1616 3826 sequentes

358 3850 513 3934 syllabam
550 3864 716 3912 accentum
752 3848 921 3911 habentem
960 3847 1185 3932 corripiuntur,
1221 3870 1283 3909 non
1309 3846 1506 3932 attendendo
1530 3844 1614 3928 quod

357 3955 390 4017 in
414 3954 478 4016 illis
502 3953 694 4038 quandoque
718 3953 836 4038 positio
860 3965 1014 4014 occurrat.

431 4144 451 4207 ¹)
472 4147 574 4196 Confer
592 4147 645 4194 huc
664 4145 866 4194 Melanchtonis
886 4144 1056 4193 Prosodiam.

430 4233 453 4296 2)
472 4233 612 4282 Fortassis
640 4234 668 4281 in
696 4233 838 4282 vocalibus
867 4233 956 4294 longis
981 4232 1064 4280 etiam
1085 4230 1273 4279 circumflexus
1293 4233 1336 4279 est
1355 4229 1554 4286 admittendus,
1580 4228 1614 4276 de

304 4377 306 4382 ¹
360 4338 414 4385 quo
443 4321 621 4383 cogitandum
650 4321 774 4382 amplius.
804 4335 837 4368 an
866 4319 1043 4368 omnino-sit
1070 4319 1250 4374 necessarius,
1271 4317 1387 4365 maxime
1407 4330 1468 4364 cum
1488 4315 1557 4362 nulli
1577 4315 1617 4362 di·

359 4409 457 4460 stincti
477 4412 638 4458 accentuum
659 4409 834 4456 characteres
853 4407 881 4454 in
901 4407 995 4468 lingua
1014 4405 1139 4454 Suecana
1159 4408 1262 4453 extent.
1300 4405 1408 4452 Etenim
1422 4403 1545 4451 vocalem
1560 4403 1618 4450 lon·

360 4513 421 4560 gam
451 4497 571 4558 longiori
599 4510 677 4544 mora
705 4495 796 4543 efferri
825 4495 933 4550 debere,
963 4493 1047 4540 etiam
1076 4493 1180 4554 absque
1204 4492 1256 4540 tali
1280 4492 1439 4540 charactere
1459 4491 1528 4539 satis
1547 4489 1618 4538 scire

362 4598 483 4648 possum.
523 4585 620 4632 Posset
640 4583 701 4645 quis
721 4585 863 4630 accentum
887 4581 915 4628 in
935 4581 1033 4628 ultima
1053 4579 1161 4640 syllaba
1180 4593 1280 4628 vocure
1299 4593 1418 4641 gravem,
1439 4577 1513 4640 quod
1533 4576 1618 4625 sitin

361 4672 488 4720 omnibus
508 4670 714 4732 monosyllabis,
734 4670 844 4730 longam
864 4668 985 4715 vocalem
1008 4665 1050 4714 vel
1068 4665 1236 4727 geminatam
1254 4679 1310 4714 nou
1329 4665 1504 4722 habentibus,
1523 4668 1552 4712 et
1570 4674 1618 4726 po·

359 4759 498 4822 lysyllaba
518 4759 643 4821 quaedam
662 4771 696 4806 ex
714 4756 770 4804 illis
790 4754 954 4816 composita.
990 4753 1049 4801 Vid.
1071 4753 1121 4802 ini.
1142 4754 1205 4814 Reg.
1225 4753 1253 4800 II
1273 4767 1298 4814 p.
1313 4755 1351 4800 12.
1818 4737 1828 5267 p

1827 5221 1828 5262 l
