3674 5694
453 493 498 550 De
521 493 708 551 Formationc
731 493 857 552 Casuum
880 494 994 552 Formae
1017 489 1212 570 Respectivae.
1419 492 1460 550 73

205 695 429 759 synemenon,
453 697 536 761 resp.
560 697 693 755 roceam
712 683 790 759 pret,
814 697 896 760 resp.
918 681 1017 757 cetera.
1064 675 1118 738 Sic
1141 675 1238 738 etiam
1259 676 1354 758 paida,
1377 697 1461 760 resp.

203 779 322 859 ydram
344 800 448 854 maus,
472 803 555 864 resp.
579 801 710 859 marem·
734 781 817 864 latua,
840 801 924 864 resp.
950 780 1049 844 laren.

292 882 330 945 In
364 884 549 946 masculinis
582 906 660 946 vero
695 895 727 946 et
761 883 937 958 femininis,
961 884 1087 968 quoties
1117 882 1148 944 in
1183 882 1329 945 vocalem
1353 904 1462 966 quam·

205 1007 331 1069 cunque
355 985 517 1069 desinunt,
533 987 635 1050 solum
655 1009 676 1051 a
691 986 850 1071 adjicitun
870 987 1117 1050 masculinorum
1135 985 1286 1071 exempla
1302 1008 1344 1048 ex
1360 986 1464 1070 prima

205 1087 421 1152 declinatione
446 1089 556 1153 formae
586 1091 750 1166 absolutae,
773 1091 910 1172 bansta,
934 1113 1016 1175 resp.
1040 1090 1207 1168 baustum
1220 1090 1355 1173 frande,
1377 1110 1461 1173 resp.

196 1192 362 1275 fidinatem
395 1194 480 1276 aloc,
514 1217 597 1279 resp.
634 1195 752 1273 abacta
774 1195 846 1272 sud,
870 1217 952 1280 resp.
975 1195 1069 1260 scitia.
1115 1193 1206 1256 Idem
1231 1192 1318 1255 valet
1340 1192 1374 1255 in
1398 1215 1462 1254 ma·

205 1297 401 1360 sculinorum
426 1299 580 1361 anomalis
604 1298 643 1362 ad
668 1321 738 1362 eam
755 1298 1015 1362 declinationem.
1050 1297 1295 1360 Femininorum
1312 1295 1463 1381 exempla

207 1423 248 1462 ex
283 1400 395 1464 eadem
431 1401 664 1466 declinatione:
699 1403 767 1478 boc,
802 1425 884 1488 resp.
920 1403 1020 1481 boon,
1042 1403 1097 1484 titi,
1120 1423 1202 1484 resp.
1228 1401 1314 1478 (idm
1336 1400 1462 1476 busita,

206 1526 289 1588 resp.
313 1504 472 1584 baratrum·
494 1510 572 1588 tadi,
595 1528 680 1591 resp.
703 1511 804 1571 mddn.

291 1608 532 1672 Femininorum
557 1622 682 1673 tantum
700 1610 850 1694 exempla
867 1632 908 1672 ex
924 1609 1065 1672 secunda
1081 1608 1314 1672 declinatione:
1330 1610 1462 1690 quiana,

205 1733 288 1797 resp.
312 1715 474 1794 quianam
497 1716 586 1796 toflu.
611 1737 694 1799 resp.
719 1716 839 1797 tuffam·
861 1714 986 1795 hystria,
1009 1735 1094 1798 resp.
1118 1713 1267 1795 kyrkt'an.

291 1797 333 1880 In'
364 1816 497 1894 neutris,
521 1817 669 1902 quotiens
700 1818 733 1880 in
768 1840 940 1880 consonam
965 1817 1122 1890 desinant,
1146 1816 1273 1900 integer
1297 1814 1461 1890 articulus,

205 1920 258 1982 vel
282 1921 467 1984 terminatio
490 1926 519 1985 cl
542 1921 693 2005 affigitur.

289 2024 452 2109 Exempla
489 2046 530 2087 ex
564 2037 657 2088 sexta
689 2024 906 2088 declinatione
936 2024 1047 2087 formae
1071 2023 1235 2101 absolutae,
1260 2023 1354 2100 lamb,
1378 2045 1461 2107 resp.

205 2129 336 2207 tanuen
360 2129 452 2207 band,
476 2151 560 2214 resp.
584 2130 715 2205 bandet;
737 2130 833 2212 breef,
858 2149 941 2213 resp.
966 2129 1113 2212 breJ‘wem
1136 2130 1213 2209 tiny,
1237 2149 1319 2212 resp.
1344 2129 1462 2208 tionem·

194 2231 280 2314 solla,
304 2253 386 2316 resp.
408 2233 527 2310 follem
541 2233 622 2317 fall,
646 2254 729 2316 resp.
745 2233 866 2314 fallet;
888 2253 969 2309 turn,
994 2253 1077 2315 resp.
1102 2235 1253 2308 rummet;
1276 2231 1359 2306 been,
1377 2251 1460 2314 resp.

204 2335 308 2412 tenen
341 2336 428 2417 step,
463 2359 547 2421 resp.
583 2337 708 2418 stepen
742 2337 833 2413 adsit,
867 2357 952 2420 resp.
988 2335 1092 2412 sdret3
1126 2335 1219 2410 haus,
1244 2356 1327 2418 resp.
1351 2334 1461 2412 baset;

203 2438 286 2515 least,
310 2461 395 2522 resp.
420 2439 532 2504 kastel.

288 2543 325 2606 ln
359 2543 491 2619 neutris,
526 2544 651 2628 quoties
685 2543 718 2606 in
748 2543 894 2605 vocalem
918 2541 1079 2616 desinunt,
1104 2541 1206 2605 solum
1231 2546 1243 2606 t
1265 2541 1298 2603 in
1321 2539 1385 2604 fine
1409 2540 1462 2604 ad-

200 2645 323 2728 jicitur.

288 2749 450 2836 Exempla
474 2771 515 2812 ex
542 2749 654 2834 quinta
677 2748 894 2812 declinatione
918 2750 1028 2812 formae
1052 2748 1216 2825 absolutae,
1239 2749 1353 2823 bieria,
1377 2771 1460 2832 resp.

202 2853 334 2930 naastan
367 2855 481 2930 altore,
516 2875 599 2938 resp.
635 2855 772 2932 ulturet;
805 2855 859 2936 bij,
894 2875 979 2938 resp.
1003 2854 1071 2935 bijt,
1094 2854 1147 2916 vel
1171 2854 1264 2936 bijet;
1287 2854 1353 2935 boe,
1376 2873 1460 2936 resp.

203 2957 292 3035 bool‚·
324 2959 427 3033 attriti,
461 2979 546 3042 resp.
582 2957 707 3035 cladrim·
740 2957 837 3039 laudii,
872 2977 958 3041 resp.
993 2957 1110 3035 tudun
1142 2957 1225 3033 frd'o',
1260 2976 1343 3039 resp.
1357 2955 1460 3038 frddt.

204 3063 313 3145 Atque
338 3060 440 3123 sicin
464 3061 599 3124 caeteris.

289 3164 344 3226 De
369 3163 557 3226 Genitivo
583 3163 796 3246 Singulari.

288 3267 447 3330 Flectitur
481 3267 548 3350 ille,
582 3279 618 3328 ut
651 3287 747 3351 supra
769 3289 898 3352 quoque
922 3268 962 3330 de
987 3264 1258 3330 declinationibus
1284 3265 1317 3327 in
1341 3285 1460 3348 genere

202 3373 289 3456 (pag.
324 3372 378 3454 38)
414 3383 447 3434 et
479 3371 519 3434 de
555 3370 826 3433 declinationibus
862 3372 972 3434 formae
996 3369 1150 3434 absolutae
1174 3369 1326 3451 diximus,
1350 3366 1461 3430 addito

202 3475 306 3538 solum
329 3495 346 3538 a
369 3474 407 3536 ad
432 3474 663 3536 nominativum
688 3473 768 3556 sing.
794 3473 888 3558 hujus
913 3475 1032 3536 formae.
1080 3473 1126 3536 Ut
1148 3494 1245 3535 masc.
1269 3495 1353 3534 nom.
1372 3492 1461 3535 mata·

201 3599 271 3655 nea,
295 3599 367 3662 gen.
392 3599 555 3642 mannans.
601 3577 691 3640 Fam.
714 3600 799 3640 nom.
823 3580 978 3660 quianon,
1001 3599 1074 3662 gen.
1098 3579 1279 3659 quianon&
1295 3575 1460 3658 attondeo,

202 3703 274 3764 gen.
309 3681 489 3744 strandoe.
546 3681 643 3744 Neut.
685 3703 771 3744 nom.
805 3683 914 3764 tinget,
948 3703 1022 3765 gen.
1057 3683 1191 3762 tinget&
1224 3679 1351 3753 citaret,
1387 3699 1458 3762 gen.

202 3785 347 3849 alterata.

286 3887 355 3951 NB.
401 3886 682 3965 Quemadmodum
705 3888 738 3950 in
762 3887 962 3951 nominativo
985 3885 1139 3970 singulari
1162 3885 1257 3970 hujus
1280 3885 1391 3949 formae
1408 3909 1460 3948 an-

201 3990 320 4074 tiquior
343 4004 376 4052 et
400 3990 559 4052 recentior
581 3989 681 4053 flexio
704 3991 773 4053 fere
797 3991 1004 4066 conveniunt,
1035 3991 1080 4052 ita
1102 3989 1135 4052 in
1159 3990 1298 4074 obliquis
1322 3989 1460 4067 casibus,

201 4116 265 4156 non
290 4093 409 4177 exigua
432 4093 516 4156 inter
539 4093 612 4156 illas
629 4093 814 4156 differentia
830 4093 1094 4178 deprehenditur.
1124 4093 1206 4157 Nam
1224 4094 1339 4178 primo,
1357 4092 1461 4177 quoad

200 4195 286 4258 hunc
320 4219 428 4258 casum
463 4197 524 4258 ista
558 4196 604 4258 sio
627 4197 737 4270 variat,
762 4209 798 4258 ut
820 4197 852 4259 in
877 4197 1026 4260 omnibus
1052 4197 1216 4260 femininis
1238 4197 1460 4259 desinentibus

201 4300 234 4361 in
268 4320 289 4362 a
312 4300 494 4383 genitivum
523 4299 569 4361 sic
595 4299 729 4375 formem
752 4301 907 4381 quianon,
931 4321 1004 4383 gen.
1028 4302 1204 4384 quincunce
1212 4320 1225 4378 ,·
1247 4299 1459 4374 tnennisltr'cn,

201 4424 274 4486 gen.
308 4403 561 4482 macerationem
594 4403 743 4486 tertiata,
777 4425 850 4490 gen.
873 4403 1043 4484 tortiones
1066 4417 1127 4468 etc.
1173 4402 1299 4467 Deinde
1323 4403 1356 4464 in
1380 4401 1461 4464 desi-

200 4506 353 4570 nentibus
388 4508 420 4568 in
455 4527 486 4589 a,
518 4519 553 4569 ut
575 4507 721 4588 bastron,
745 4529 818 4590 gen.
842 4507 1025 4572 bastranes.
1070 4507 1170 4592 Cujus
1194 4506 1346 4570 flexionis
1369 4505 1459 4590 origo

200 4632 242 4672 ex
275 4610 364 4672 varia
401 4611 626 4674 terminatione
663 4610 854 4674 nominativi
887 4610 968 4696 sing.
1005 4611 1115 4674 formae
1139 4611 1292 4674 absolutae
1315 4610 1348 4673 in
1371 4608 1459 4672 hisce

200 4713 384 4778 nominibus
418 4713 596 4798 descendit,
630 4725 667 4778 ut
699 4737 770 4800 sup.
802 4727 949 4779 notatum
984 4737 1056 4800 pag.
1081 4717 1132 4782 46.
1175 4716 1259 4782 Item
1284 4713 1459 4803 saepissime

199 4820 245 4885 ita
266 4819 418 4896 flectitur,
442 4821 584 4904 taceas,
606 4820 756 4898 sitiente,
778 4820 970 4906 prosternes.
