3674 5694
362 465 402 530 46
692 465 741 528 ltr.
767 467 919 529 Aurivillii
943 465 1138 529 Grammatica
1164 467 1301 530 Svecanu.

362 677 434 718 cum
470 653 658 739 antiquitus,
686 665 803 739 praeter
825 654 981 718 feminina
1004 654 1211 740 perplurima,
1236 654 1414 718 existerent
1437 654 1534 718 etiam
1557 679 1623 720 ma-

362 758 486 822 sculina
519 781 582 820 non
612 780 714 842 pauca
738 757 919 822 desinentia
942 758 974 820 in
998 780 1034 822 a:
1058 780 1122 842 quo
1146 757 1281 842 proinde
1305 758 1420 822 melius
1445 781 1481 822 ac
1504 759 1624 822 certius

362 861 502 926 discerni
536 873 654 947 posset,
689 883 833 946 quaenarn
869 883 911 924 ex
945 861 1167 924 desinentibus
1201 861 1233 923 in
1257 882 1278 925 o
1307 873 1415 924 essent
1437 863 1624 945 masculina,

362 988 506 1051 quaenam
541 963 707 1042 feminina,
738 964 900 1028 communi
923 987 984 1027 usu
1006 964 1234 1040 introduxisse,
1259 978 1295 1027 ut
1319 966 1494 1029 masculina
1517 967 1625 1029 omnia

361 1070 394 1132 in
428 1091 450 1133 a
477 1069 571 1153 juxta
594 1069 773 1152 analogiam
798 1081 831 1131 et
853 1069 998 1152 regulam
1022 1068 1218 1152 propositam
1245 1068 1421 1132 formarent
1443 1092 1528 1132 nom.
1553 1070 1623 1154 plu·

361 1172 461 1236 ralem
484 1172 518 1234 in
544 1192 595 1249 ar,
620 1171 777 1234 feminina
800 1193 878 1234 vero
902 1171 1009 1233 omnia
1032 1171 1065 1234 in
1090 1192 1135 1236 or.
1161 1170 1207 1234 Ut
1231 1183 1337 1234 autem
1363 1171 1529 1250 feminina,
1555 1195 1624 1257 quae

364 1277 457 1361 plura
480 1287 564 1353 sunt,
577 1275 623 1338 sio
647 1274 685 1338 ab
709 1275 857 1360 analogia
880 1273 939 1337 hac
962 1274 1162 1358 recederent,
1186 1287 1218 1336 et
1234 1297 1296 1337 non
1315 1276 1422 1360 potius
1439 1276 1625 1359 masculina,

362 1403 432 1465 quae
466 1378 617 1465 pauciora
651 1378 805 1456 existunt,
829 1378 1029 1442 occasionem
1054 1378 1181 1442 dedisse
1207 1379 1343 1456 videtur,
1368 1379 1453 1464 quod
1477 1380 1625 1464 pluscula

363 1483 493 1548 nomina
516 1481 681 1560 feminina,
703 1504 773 1566 quae
789 1481 885 1545 hodie
909 1483 940 1544 in
958 1503 979 1546 a
997 1483 1157 1560 desinunt,
1175 1483 1250 1545 olim
1268 1481 1358 1545 finita
1375 1483 1495 1546 fuerint
1509 1483 1541 1545 in
1558 1505 1575 1548 0
1591 1483 1624 1544 in

364 1609 449 1650 nom.
474 1585 638 1670 singulari.
662 1584 762 1668 Cujus
786 1585 833 1648 rei
856 1585 1003 1670 pluscula
1027 1587 1178 1670 exempla
1200 1585 1353 1648 habemus
1377 1609 1440 1649 non
1464 1586 1567 1649 solum
1592 1587 1624 1648 in

363 1689 514 1775 antiquis,
549 1688 605 1752 sed
640 1701 674 1751 et
707 1687 803 1751 hodie
838 1688 965 1752 usitatis
999 1689 1126 1774 legibus
1149 1689 1336 1774 frequenter
1359 1690 1470 1773 obvia,
1494 1691 1571 1752 item
1591 1690 1624 1752 in

364 1793 393 1857 S.
419 1792 598 1856 Bibliorum
622 1791 780 1855 versione.
828 1791 881 1856 Sic
904 1815 1007 1856 accus.
1032 1799 1128 1875 lungo
1151 1816 1176 1856 c.
1190 1794 1241 1858 39.
1261 1793 1338 1856 Eds.
1357 1794 1433 1867 Lu,
1453 1817 1480 1856 c.
1500 1795 1537 1856 12
1555 1792 1625 1856 KB.

363 1897 437 1962 StL.
465 1899 478 1958 l
506 1895 575 1959 Pet.
598 1897 628 1959 3:
654 1897 703 1961 10.
728 1895 824 1960 Unde
848 1918 932 1958 nom.
958 1896 1090 1980 pluralis
1115 1896 1307 1981 regulariter
1323 1896 1479 1960 formatus
1498 1897 1625 1980 adjecto

362 2001 396 2064 in
429 1999 493 2062 fine
527 2021 555 2076 r,
591 1998 711 2062 desinit
744 1999 777 2062 in
811 2019 857 2063 or.
903 1999 996 2077 Quod
1027 2000 1127 2083 magis
1151 1999 1256 2064 adhuc
1279 1999 1485 2063 confirmatur
1509 2021 1551 2074 ex
1575 2023 1625 2078 eu,

363 2102 449 2189 quod
485 2102 641 2166 feminina
674 2102 707 2165 in
741 2123 762 2166 u
785 2102 882 2165 etiam
908 2103 986 2166 alios
1010 2125 1101 2166 casus
1125 2102 1265 2166 formant
1287 2126 1345 2189 per
1367 2125 1401 2168 o:
1424 2103 1470 2166 sic
1492 2106 1625 2186 quiana,

362 2207 463 2293 genit.
486 2209 631 2289 qaz'oaos,
657 2205 719 2272 dat.
741 2208 869 2290 quinae,
893 2207 987 2270 ablat.
1012 2206 1062 2289 aff
1077 2208 1214 2288 quinam
1237 2220 1270 2270 et
1292 2207 1385 2270 sicin
1404 2205 1484 2270 aliis.
1521 2207 1624 2286 Quam

363 2312 403 2375 ad
437 2333 503 2374 reru
540 2310 661 2396 aliquid
697 2311 851 2374 momenti
886 2311 1012 2374 adferre
1041 2311 1180 2388 videtur,
1204 2310 1290 2396 quod
1313 2311 1370 2374 illa
1393 2311 1624 2374 femininorum

363 2414 588 2501 pronunciatio
624 2415 655 2476 in
691 2435 708 2479 o
744 2413 828 2499 apud
863 2414 979 2499 vulgus
1008 2414 1184 2478 etiamnum
1219 2415 1386 2491 retinetur,
1422 2415 1478 2478 sed
1502 2437 1519 2482 0
1543 2415 1625 2478 illud

363 2532 456 2583 sonat
478 2518 613 2604 perinde
637 2532 674 2582 ut
695 2520 737 2598 ἅ,·
760 2530 796 2581 ut
817 2519 938 2602 myssd,
961 2519 1057 2602 opidi,
1081 2519 1185 2602 kystd,
1208 2518 1325 2584 horosii
1350 2530 1410 2583 etc.

450 2625 479 2685 2.
526 2622 714 2686 Desinentia
736 2622 770 2684 in
798 2622 945 2687 comnia
967 2622 1130 2707 (exeeptis
1153 2622 1218 2686 illis
1242 2622 1412 2707 exemplis,
1436 2644 1506 2707 quae
1530 2644 1627 2707 supra

364 2725 404 2790 ad
438 2726 541 2812 ipsam
575 2725 720 2809 regulam
755 2724 893 2788 adducta
927 2738 1012 2810 sunt,
1041 2739 1074 2789 et
1096 2726 1208 2810 paucis
1231 2726 1315 2790 forte
1339 2725 1427 2811 aliis)
1449 2725 1628 2788 masculina

363 2831 451 2915 (nam
486 2829 643 2894 feminina
679 2829 712 2891 in
735 2851 752 2893 e
774 2829 862 2892 nulla
886 2829 1040 2908 existunt,
1066 2831 1160 2893 etde
1185 2830 1307 2893 neutris
1332 2842 1405 2915 post
1428 2842 1556 2914 except.
1582 2830 1626 2914 6).

364 2934 459 2998 Nom.
494 2934 652 3019 pluralem
686 2933 811 2998 faciunt
843 2933 876 2996 in
910 2953 963 3011 ar‚·
996 2956 1012 2999 c
1045 2933 1200 2997 videlicet
1233 2945 1356 2998 mutato
1384 2933 1416 2996 in
1440 2954 1462 2997 a
1484 2933 1627 3018 indeque

365 3050 530 3124 assumpto
565 3059 602 3103 r:
636 3049 672 3100 ut
702 3039 813 3121 pobbo,
847 3037 929 3122 plur.
957 3038 1102 3120 gubbam·
1127 3037 1236 3122 fopde.
1269 3038 1350 3124 plur.
1366 3038 1511 3119 foedum·
1533 3059 1628 3120 cape,

364 3143 448 3228 plur.
472 3161 597 3225 capam
620 3142 709 3206 stoke
721 3141 861 3226 (stipes),
878 3141 962 3226 plur.
985 3141 1118 3218 stultum
1134 3141 1246 3223 inope,
1263 3142 1345 3226 plur.
1362 3141 1508 3222 inopum
1525 3141 1629 3223 kappe

364 3245 465 3330 (vasis
499 3245 629 3330 genus),
654 3245 736 3330 plur.
771 3245 915 3326 lappam
938 3265 1021 3326 orre,
1043 3245 1125 3330 plur.
1151 3264 1267 3323 orrar,·
1288 3266 1407 3327 quatre,
1432 3244 1516 3329 plur.
1537 3266 1628 3326 pum-

365 3370 423 3416 sar
439 3349 466 3434 ¹)
489 3362 549 3413 etc.

451 3454 481 3518 3.
526 3452 642 3518 Omnia
665 3452 846 3516 desinentia
868 3453 901 3516 in
925 3473 989 3524 are,
1013 3475 1083 3538 quae
1111 3451 1218 3515 omnia
1234 3453 1330 3516 etiam
1348 3465 1423 3516 sunt
1439 3452 1627 3532 masculina,

365 3557 520 3622 nominat.
556 3557 712 3642 pluralem
737 3555 857 3620 habent
879 3557 1018 3620 similem
1042 3579 1127 3619 nom.
1152 3557 1317 3640 singulari,
1341 3571 1377 3620 ut
1401 3557 1540 3634 uolitare,
1566 3578 1627 3622 att·

366 3663 509 3745 kloyore,
533 3662 701 3740 brundam,
726 3663 904 3744 bryqyiare,
927 3661 1075 3744 collare,
1099 3661 1263 3744 marcore,
1277 3661 1446 3744 frdssure,
1467 3683 1626 3744 wocara,

364 3766 539 3850 yorfware,
563 3765 715 3848 tempore,
739 3765 982 3850 (stenhapyore)
999 3765 1128 3847 jdqore,
1145 3764 1304 3841 krdmore,
1321 3765 1477 3839 tiochum,
1494 3766 1629 3850 laetare,

366 3875 516 3947 morture,
544 3871 696 3947 metuere,
718 3873 852 3934 adosare
874 3868 1088 3953 (affadmare)
1111 3868 1283 3952 oldmpure,
1307 3869 1558 3952 (fdrolaimpurc)
1581 3871 1630 3952 pi·

362 3993 455 4055 pare,
483 3973 661 4055 priapeiae,
696 3975 849 4056 quietare,
883 3993 1048 4055 remanare,
1081 3972 1222 4056 asstare,
1257 3994 1425 4055 speaaare,
1463 3973 1631 4052 siriacum,

367 4076 524 4159 tristare,
565 4080 712 4154 tristare,
750 4075 919 4159 wuchtara
956 4077 1118 4151 wdadore,
1156 4077 1307 4156 camare,
1340 4097 1481 4160 ympore,
1517 4075 1630 4156 liltore,

366 4180 508 4256 distare,
532 4180 669 4245 doctore
692 4191 751 4242 etc.

454 4283 528 4348 Not.
574 4282 666 4348 Idem
702 4283 828 4346 obtinet
861 4282 893 4345 in
928 4281 977 4346 his
1001 4283 1155 4367 aptanda,
1178 4282 1398 4369 mdledyuade,
1414 4284 1629 4369 jorddqande.

370 4441 564 4454 m—

440 4526 461 4592 ¹)
480 4527 562 4578 Ratio
590 4527 701 4578 videtur
729 4541 797 4588 esse,
826 4526 900 4592 quod
920 4539 959 4577 eae
986 4541 1068 4578 voces
1096 4528 1123 4576 ln
1143 4541 1161 4577 a
1179 4527 1264 4578 finitae
1283 4529 1395 4589 fuerint,
1415 4535 1446 4579 ut
1466 4543 1576 4594 quoqne
1596 4545 1631 4581 ex

369 4618 477 4681 legibus
497 4617 600 4666 nostris
621 4621 739 4668 constat.
776 4617 812 4666 ltt
830 4616 913 4666 hodie
934 4629 1042 4680 quoque
1063 4616 1136 4682 apud
1156 4617 1252 4680 vulgus
1272 4618 1387 4683 antiqua
1406 4619 1456 4668 illa
1467 4621 1630 4670 terminatio

368 4707 512 4766 retinetur,
533 4707 587 4757 imo
607 4707 636 4756 iu
655 4706 734 4758 libris
753 4705 895 4772 impressis
915 4705 1007 4756 etiam.
