3648 5696
572 470 616 532 De
639 469 744 532 Verbis
768 471 985 532 Auxiliaribus:
1009 470 1125 550 Hafwu.

693 655 999 742 Oonjnnetivns.

302 809 363 873 Cui
387 810 448 890 hic,
472 825 508 874 ut
523 811 556 874 in
574 811 645 874 aliis
661 809 779 888 verbis,
795 809 977 873 inserviunt
992 809 1040 872 hae
1056 808 1237 895 particulae:
1254 811 1327 884 adr,
1343 810 1478 875 meditare

214 913 406 996 (emeriten),
441 914 539 996 niter,
574 913 662 996 efftcr
694 912 774 996 ater,
798 915 956 997 efftersom
978 913 1081 996 (effter
1104 912 1239 996 scieura),
1263 911 1478 996 eliciettstuud²

214 1015 355 1089 ouuaedt,
379 1016 552 1094 ebaruwcil,
576 1015 707 1098 inducit,
722 1016 853 1100 fusteia,
871 1017 945 1097 fust
966 1037 1027 1099 om,
1050 1035 1109 1098 om,
1126 1035 1176 1079 om
1190 1015 1279 1096 tetre,
1295 1015 1404 1093 utica,
1421 1021 1478 1092 art,

215 1139 274 1202 pro
298 1117 384 1202 quod
398 1117 585 1200 farensem,
599 1117 825 1202 firdnadaom.

301 1219 370 1283 NB.
416 1219 475 1282 Hae
511 1241 622 1283 omnes
658 1219 823 1304 particulae
857 1218 957 1302 vulgo
992 1218 1178 1282 tribuuntur
1201 1219 1421 1303 conjunctivo,
1444 1219 1477 1282 in

215 1319 327 1404 lingua
356 1333 474 1399 nostra,
511 1321 595 1384 sicut
628 1321 698 1385 aliae
732 1321 782 1384 his
805 1319 1039 1406 respondentes
1062 1321 1095 1384 in
1119 1321 1231 1406 lingua
1253 1322 1370 1386 Latina
1394 1322 1478 1386 aliis·

216 1445 288 1506 que.
334 1423 397 1486 Sed
433 1447 506 1487 cum
540 1424 685 1502 verbum,
720 1425 805 1510 quod
842 1446 913 1486 cnm
948 1423 997 1486 his
1029 1423 1196 1508 particulis
1226 1425 1422 1488 construitur
1444 1426 1477 1488 in

215 1525 326 1608 lingua
361 1524 491 1588 Suetica
524 1526 558 1589 in
582 1527 733 1610 praesenti
756 1527 888 1612 quidem
912 1525 1160 1611 temporebus
1184 1525 1281 1590 etiarn
1305 1527 1338 1590 in
1355 1541 1478 1614 tempo-

215 1627 303 1690 ribus
327 1627 461 1710 caeteris,
485 1640 605 1713 exepto
628 1630 748 1704 futuro,
773 1629 894 1692 nullam
921 1629 1014 1713 plane
1039 1629 1134 1692 aliam
1156 1626 1332 1692 flexionem
1351 1629 1477 1710 habeat,

216 1753 310 1814 quarn
336 1751 474 1814 praesens
499 1745 677 1816 caeteraque
700 1745 848 1818 tempora
870 1729 1049 1794 indicativi.
1096 1729 1175 1792 ldeo
1199 1730 1283 1794 forte
1307 1727 1371 1796 nori
1395 1734 1477 1795 male

216 1835 287 1919 quis
322 1835 443 1898 dixerit
476 1834 531 1896 has
561 1857 671 1898 omnes
695 1834 869 1920 particulas
892 1834 923 1896 in
948 1833 1060 1918 lingua
1083 1845 1192 1896 nostra
1214 1831 1391 1897 indicativo
1414 1857 1478 1897 non

217 1937 425 2021 conjunctivo
460 1937 622 2001 adhaerere
656 1937 740 2001 velle
776 1959 879 2014 secus,
902 1959 996 2021 quam
1022 1937 1055 2000 in
1078 1936 1189 2021 lingua
1213 1935 1339 2001 Latina.
1386 1936 1478 2016 Quod

218 2040 377 2125 exemplis
398 2063 456 2104 auo
480 2041 551 2104 loco
575 2053 608 2104 et
631 2053 777 2125 ternpore
801 2039 929 2124 plenius
954 2037 1178 2103 declarabitur.

304 2143 424 2206 Contra
447 2165 524 2206 vero
548 2142 604 2205 has
628 2141 812 2228 particulas,
836 2147 883 2206 au
905 2141 980 2226 (pro
1000 2142 1047 2226 pei
1069 2141 1156 2226 ditet)
1173 2142 1221 2223 pri
1243 2141 1324 2218 cibet,
1339 2141 1389 2224 pei
1403 2141 1480 2206 duit

173 2259 174 2263 ’
217 2251 275 2329 att,
297 2266 325 2328 ο,
348 2267 366 2310 o
388 2251 445 2323 att,
466 2245 564 2328 pistae
583 2245 670 2327 aaut
693 2249 750 2328 att,
772 2265 790 2310 ο
812 2237 1034 2326 buru'pu'rua,
1059 2244 1278 2329 conjunctivo,
1302 2245 1357 2328 qui
1381 2245 1477 2308 etiarn

219 2348 269 2430 (ut
292 2369 362 2432 sup.
386 2369 460 2432 pag.
479 2349 539 2410 126
558 2347 699 2433 dictum)
722 2347 902 2433 optativum
927 2345 1183 2432 comprehendit,
1207 2347 1309 2432 magis
1334 2349 1479 2433 proprias

218 2471 298 2513 esse.
345 2449 426 2512 Dico
456 2450 567 2535 magis,
591 2451 678 2536 quod
701 2451 857 2536 quaedam,
880 2463 916 2513 ut
938 2449 1104 2535 particulae
1127 2449 1262 2534 optandi
1284 2451 1478 2536 imperfecto

218 2566 251 2616 et
285 2553 448 2638 praeterito
482 2566 619 2638 respect.
663 2553 838 2616 Indicativi
861 2553 957 2616 etiam
982 2551 1115 2637 adjungi
1139 2565 1289 2638 possunt:
1314 2555 1479 2640 particulae

218 2653 330 2718 finales
364 2655 473 2719 futuro
501 2656 679 2720 indicativi.
726 2656 779 2720 Sic
813 2655 961 2738 dicimus,
984 2661 1040 2734 au,
1059 2656 1106 2738 pri
1128 2656 1206 2720 durh
1227 2677 1244 2721 o
1266 2663 1325 2741 atr,
1340 2659 1412 2742 jay,
1436 2665 1481 2742 ta,

219 2759 284 2830 hun
306 2759 360 2824 md
382 2759 502 2844 bufwu.
549 2759 636 2822 Hinc
664 2757 874 2844 conjunctivi.
920 2758 1116 2822 Concessiva
1138 2781 1216 2822 vero
1239 2760 1361 2824 locutio
1384 2762 1480 2826 etiam

219 2861 289 2925 sine
312 2861 489 2947 particulis.

753 3049 943 3115 Praesens.

285 3201 372 3287 Sing.
396 3224 468 3265 curn
481 3201 643 3288 praedictis
657 3203 833 3289 particulis.
910 3205 997 3268 Plur.

224 3307 251 3370 1.
275 3305 341 3388 εἶαρ
364 3305 418 3370 md
440 3305 550 3388 hafnia
669 3389 670 3392 Ἴ
863 3308 930 3390 Wt'j
952 3309 1006 3372 ruti
1027 3307 1139 3390 busun
1162 3308 1320 3392 (mipene)

222 3411 251 3474 2.
278 3409 326 3475 Tu
347 3411 401 3474 mci
422 3410 534 3494 husun
855 3411 878 3476 1
897 3412 950 3476 mci
972 3412 1083 3494 laeswe
1106 3412 1251 3496 (suipra)

221 3515 251 3577 3.
277 3505 353 3579 Hau
375 3515 429 3579 md
450 3513 560 3598 busun
857 3515 920 3580 rue
938 3515 992 3580 mci
1013 3515 1123 3600 bafwa
1146 3511 1267 3600 (maye)

699 3792 1005 3880 Imperfectum.

309 3945 399 4032 Sing.
940 3948 1028 4014 Plur.
1116 4001 1123 4020 .

310 4050 377 4133 Art,
396 4049 444 4132 pa
465 4049 552 4128 dett,
575 4070 592 4114 e
613 4054 660 4114 att
690 4061 751 4114 etc.

226 4155 254 4216 l.
277 4150 836 4240 Jaymdttebafwu(aleulle,ltuuda)
866 4153 933 4238 Wtj
955 4154 1052 4221 mcitte
1073 4153 1184 4228 baswa
1205 4153 1333 4239 (stalle,
1356 4153 1474 4231 kunde)

224 4255 254 4317 2.
282 4254 329 4319 Tu
350 4256 447 4320 mitte
468 4256 579 4339 bafwa
857 4257 881 4322 l
898 4260 1017 4324 mitten
1037 4259 1148 4344 hafwa

225 4357 254 4421 3.
278 4356 356 4422 Hau
378 4359 473 4424 metite
494 4359 604 4444 bafwu
861 4360 926 4426 ibe
949 4362 1043 4427 mcitte
1065 4360 1176 4444 lusura

310 4509 570 4598 Plusquamperf.
604 4517 659 4598 iay
692 4514 795 4581 sltulle
816 4515 927 4602 besara
947 4515 1036 4599 baffi,
1061 4527 1094 4579 et
1117 4514 1361 4604 interrogative,
1384 4515 1488 4581 skulle

217 4615 281 4698 jay
302 4615 413 4700 husten
434 4618 543 4706 baffi?
