3674 5694
377 492 417 552 74
705 495 753 553 Er.
778 495 929 552 Aurivillii
956 495 1152 554 Grammatico
1176 495 1312 554 Svacana.

461 677 498 740 In
535 677 718 740 masculinis
742 699 870 762 quoque
893 678 1058 741 nonnullis
1082 700 1140 763 pro
1164 679 1310 763 genitivo
1333 678 1429 764 hujus
1452 679 1564 743 formae
1588 699 1639 742 se·

375 780 515 843 eundum
550 782 695 864 regulam
731 782 928 866 propositam
964 782 1111 856 formato,
1146 796 1280 867 usurpat
1313 783 1492 866 genitivum
1524 784 1636 845 formae

376 885 540 962 absolutae,
580 899 615 946 ut
649 885 803 966 kouuapS,
839 908 896 968 pro
933 885 1125 966 lonuuperta
1172 885 1222 948 Ita
1256 909 1339 971 saepc
1370 888 1402 948 in
1426 887 1494 951 LL.
1517 886 1635 949 nostris

376 989 517 1051 occurrit
528 989 672 1070 boauaps
685 989 794 1066 casole,
806 990 950 1070 ltouaaps
962 989 1055 1064 aaut,
1068 988 1212 1071 koaaapa
1221 989 1360 1070 sephata,
1373 1013 1430 1074 pro
1444 991 1636 1070 kananaeus.

462 1092 536 1154 Not.
584 1091 674 1176 Saepe
709 1093 805 1154 etiam
840 1093 873 1154 in
907 1091 968 1154 hoc
1003 1114 1077 1154 casu
1107 1113 1123 1155 s
1151 1093 1377 1178 interponitur,
1402 1094 1577 1178 praesertim
1601 1093 1636 1154 in

374 1194 435 1274 his,
449 1197 504 1280 qui
527 1197 560 1258 in
584 1219 668 1258 nom.
695 1196 789 1279 hujus
813 1195 923 1258 formae
942 1218 1111 1258 consonam
1129 1195 1249 1258 habent
1265 1210 1337 1259 ante
1354 1217 1394 1274 rt;
1409 1198 1495 1282 quod
1512 1197 1638 1260 faciunt

375 1301 483 1362 omnia
516 1300 606 1362 finita
640 1301 673 1363 in
708 1300 786 1363 duas
822 1312 1034 1362 consonantes
1063 1299 1095 1362 in
1122 1299 1224 1363 forma
1245 1301 1401 1384 absoluta,
1431 1315 1467 1364 ut
1488 1323 1636 1378 munuera,

374 1425 447 1487 gen.
483 1425 633 1469 mnaseas
642 1425 654 1482 ;
687 1405 817 1488 spnden,
852 1425 925 1487 gen.
960 1404 1135 1486 syndreum
1159 1423 1276 1480 ermae,
1300 1427 1373 1488 gen.
1398 1426 1541 1470 craeseus
1564 1417 1637 1479 etc,

377 1509 536 1590 loybseaa

463 1611 516 1674 De
542 1612 686 1674 Dativo
711 1625 749 1672 et
773 1611 966 1674 Ablativo
991 1611 1204 1696 Singulari.

462 1716 497 1778 ln
532 1715 627 1798 hujus
663 1738 754 1778 casus
788 1715 928 1777 flexione
964 1737 1079 1800 magna
1108 1739 1234 1800 quoque
1258 1717 1343 1780 inter
1366 1717 1579 1818 antiquiorem
1604 1728 1637 1778 et

374 1820 587 1881 recentiorem
622 1819 797 1881 flexionem
832 1819 969 1882 varietas
1004 1833 1060 1881 est.
1106 1819 1144 1881 ln
1179 1819 1239 1881 hac
1262 1821 1347 1882 enim
1372 1843 1499 1904 semper
1523 1819 1637 1882 similis

376 1935 426 1985 est
459 1923 674 2000 nominativo;
709 1923 742 1984 in
776 1923 832 1985 illa
860 1945 937 1984 vero
961 1922 1103 1985 diversas
1127 1923 1160 1985 in
1184 1922 1319 1986 diversis
1343 1923 1516 2008 generibus
1539 1922 1639 1985 habet

378 2027 634 2104 terminationes,
668 2041 709 2088 ut
743 2048 784 2088 cx
825 2027 984 2111 exemplis
1019 2040 1051 2089 et
1084 2025 1359 2111 paradigmatibus
1396 2026 1482 2089 infra
1519 2026 1637 2090 elarius

377 2131 525 2215 patescit.

462 2234 499 2296 ln
536 2233 731 2308 masculinis,
766 2233 834 2296 sive
868 2233 901 2295 in
936 2233 1093 2308 vocalem,
1129 2234 1197 2296 sive
1232 2234 1461 2296 inconsonam
1486 2234 1637 2317 (putain

375 2337 479 2400 forma
513 2337 675 2421 absoluta)
707 2335 817 2410 finitis,
842 2335 1032 2420 regulariter
1068 2336 1186 2398 desinit
1219 2337 1252 2398 in
1286 2357 1344 2412 om,
1375 2335 1595 2421 formaturque
1620 2359 1639 2398 a

376 2441 574 2503 nominativo
609 2441 774 2524 singulari,
798 2440 907 2502 addito
942 2453 1066 2502 tantum
1095 2440 1127 2501 in
1157 2439 1220 2502 fine
1244 2439 1470 2502 terminatione
1495 2460 1554 2503 ortt.
1599 2441 1637 2504 In

377 2568 549 2608 consonam
573 2545 618 2608 sic
641 2545 784 2624 lelobbcra,
809 2545 872 2606 dat.
896 2545 1098 2620 ltlubbeuom;
1118 2545 1252 2627 ydrdea,
1270 2543 1333 2606 dat.
1349 2545 1542 2626 patratorem·
1562 2544 1637 2627 tias-

376 2671 454 2726 wera,
478 2649 541 2714 dat.
570 2650 770 2732 tlafweaom;
793 2648 969 2728 kortaapert,
994 2645 1058 2710 dat.
1082 2647 1297 2728 beauapertom
1321 2661 1382 2709 etc.
1428 2647 1466 2710 In
1490 2647 1637 2710 vocalem

375 2753 534 2827 haustae,
571 2752 633 2817 dat.
667 2751 885 2828 benetentum,
913 2751 1042 2826 boetica,
1068 2749 1130 2813 dat.
1156 2752 1345 2828 beredenam·
1368 2751 1546 2834 dqbauden,
1572 2750 1636 2813 dat.

376 2855 596 2938 dpbandeuota
619 2868 680 2918 etc.

463 2960 501 3022 ln
535 2957 712 3036 femininis,
746 2958 813 3019 sive
847 2957 881 3019 in
916 2979 1099 3039 consonam,
1123 2957 1190 3019 sive
1215 2958 1360 3020 vocalem
1383 2956 1493 3032 finitis,
1519 2957 1640 3020 desinit

376 3063 409 3125 in
432 3085 458 3139 e,
482 3063 700 3144 formaturque
724 3061 925 3144 regulariter,
940 3061 1065 3144 adjecto
1090 3060 1127 3122 ad
1152 3061 1386 3123 nominativum
1410 3060 1505 3144 hujus
1527 3060 1638 3123 formae

378 3168 411 3228 in
435 3166 499 3229 fine
523 3191 547 3230 e.
591 3167 629 3230 In
654 3188 837 3243 consonam,
861 3178 895 3226 ut
919 3166 1083 3246 attondere,
1108 3165 1171 3227 dat.
1196 3165 1383 3242 strondenm
1406 3165 1547 3244 elefwea,
1572 3163 1637 3226 dat.

378 3271 544 3353 stateram
567 3271 675 3352 aripert,
701 3269 764 3332 dat.
788 3270 919 3351 ratperta
941 3269 1062 3350 walpert,
1087 3267 1152 3334 dat.
1174 3269 1319 3349 arriperem
1341 3269 1461 3341 cretea,
1487 3267 1549 3331 dat.
1575 3289 1639 3332 wa·

378 3374 471 3450 rena
494 3374 637 3449 strmdert,
662 3373 724 3435 dat.
752 3373 922 3448 standena
944 3378 1062 3446 actaea,
1087 3371 1151 3434 dat.
1175 3377 1301 3436 aettcae
1323 3384 1383 3434 etc.
1429 3371 1468 3434 In
1493 3371 1638 3433 vocalem

379 3477 470 3554 lcoou,
495 3477 610 3554 ltooae,·
632 3476 779 3557 bastron,
802 3475 975 3554 bustratum·
995 3477 1071 3558 dota,
1095 3476 1178 3540 delae
1201 3488 1262 3538 etc.

464 3580 533 3643 NB.
580 3580 706 3664 Excipe
731 3579 911 3642 desinentia
934 3579 967 3640 in
991 3601 1021 3662 a,
1046 3601 1115 3662 quae
1138 3593 1175 3640 ut
1197 3579 1230 3640 in
1247 3579 1393 3662 genitivo
1409 3579 1466 3662 (de
1484 3601 1546 3662 quo
1564 3599 1638 3662 pag.

378 3683 533 3769 praeced.)
558 3707 574 3745 a
597 3683 738 3767 regulari
760 3682 902 3745 flexione
929 3682 1094 3754 recedunt,
1118 3681 1163 3744 ita
1187 3682 1283 3744 etiam
1307 3682 1339 3744 in
1365 3681 1484 3760 dativo,
1508 3681 1563 3766 qui
1585 3680 1640 3743 hic

379 3789 537 3850 formatur
566 3810 582 3848 a
606 3787 669 3848 dat.
694 3786 775 3870 sing.
798 3784 957 3857 absoluto,
981 3785 1107 3868 adjecto
1131 3785 1163 3846 in
1187 3783 1251 3846 fine
1272 3807 1322 3863 rte,
1345 3799 1382 3848 ut
1407 3787 1536 3867 quittae,
1552 3806 1638 3868 resp.

379 3893 555 3972 quincono:
585 3891 630 3952 sie
653 3892 785 3971 quiana,
808 3910 891 3972 resp.
916 3910 1002 3950 nom.
1025 3891 1179 3970 quianon,
1203 3887 1266 3950 dat.
1290 3891 1466 3970 puteacum·
1488 3888 1638 3970 tertiora,

380 3993 549 4076 byraicum
573 3993 703 4070 ladbuu,
727 3991 860 4056 tadhaee
884 4004 944 4052 etc.

467 4096 504 4158 ln
538 4096 672 4170 neutris,
708 4095 775 4157 sive
805 4094 838 4155 in
862 4115 1044 4170 consonam,
1069 4093 1192 4155 sivein
1216 4093 1361 4156 vocalem
1384 4091 1484 4156 finitis
1509 4092 1640 4177 desinit,

380 4206 412 4263 in
436 4221 453 4264 o
476 4199 529 4260 vel
552 4198 816 4282 reformaturque
842 4219 859 4258 a
882 4196 1080 4259 nominativo
1104 4197 1185 4281 sing.
1209 4197 1305 4280 hujus
1327 4196 1449 4271 formae,
1472 4203 1485 4260 t
1507 4208 1641 4279 mutato,

380 4305 414 4367 in
448 4324 489 4368 rto
512 4303 565 4365 vel
594 4323 647 4366 rto.
693 4301 730 4363 In
755 4323 938 4376 consonam,
962 4313 999 4362 ut
1022 4301 1144 4375 lambet,
1170 4301 1233 4362 dat.
1259 4301 1410 4373 lamberto,
1436 4300 1550 4378 landet,
1574 4299 1640 4363 dat.

382 4409 535 4484 tonderem
570 4407 707 4490 brqfwet,
744 4404 807 4468 dat.
842 4404 1017 4486 treforum·
1050 4406 1155 4485 tropat,
1191 4403 1254 4466 dat.
1279 4406 1422 4485 trapeam·
1445 4403 1550 4485 mdlet,
1574 4401 1639 4467 dat.

381 4513 524 4589 melleum
549 4510 664 4594 folleat,
701 4508 763 4570 dat.
783 4508 916 4590 folberto
939 4520 1001 4569 eto.
1048 4507 1085 4569 In
1109 4508 1265 4579 vocalem,
1289 4520 1326 4570 ut
1348 4507 1474 4580 alteret,
1499 4505 1563 4569 dat.
1587 4506 1639 4569 al·

382 4622 510 4692 tuream
543 4614 649 4696 rt'J'ltct,
685 4611 748 4674 dat.
772 4611 896 4685 rt'r'lrcrto
920 4631 946 4672 c.
972 4611 1012 4672 10
1034 4607 1089 4672 fin.
1114 4609 1192 4672 KB.
1218 4609 1285 4674 Ll.
1311 4610 1418 4688 (Alibi
1440 4623 1549 4673 tamen
1572 4608 1642 4672 haec

383 4717 566 4780 terminatio
600 4737 658 4802 per
681 4735 847 4800 apocopen
882 4713 1042 4776 omittitur
1075 4713 1109 4774 in
1144 4713 1256 4778 eadem
1281 4735 1361 4777 voce
1385 4735 1411 4776 c.
1435 4717 1455 4778 4
1478 4711 1533 4775 fin.
1557 4711 1639 4777 KB.
