3674 5694
368 473 388 530 4
710 473 758 534 Er.
778 473 929 534 Aurivillii
953 475 1148 536 Grammatico
1172 477 1309 536 Svecaua.
1337 560 1339 562 Ι

368 659 557 745 inciperem,
582 673 615 722 et
636 683 706 745 quas
722 671 800 722 tunc
817 659 1036 736 occurrebant,
1053 661 1087 724 in
1105 659 1238 724 schedas
1254 661 1406 746 quasdam
1424 663 1627 746 conjicerem.

368 765 449 828 Inde
483 787 555 828 cum
580 765 798 849 intelligerem
822 777 985 838 nontam,
1010 787 1103 849 quam
1130 765 1238 828 multis
1262 765 1407 829 habitum
1432 781 1490 843 est,
1515 767 1628 850 despe-

367 882 471 933 ratum
502 869 584 932 illud
612 891 692 953 opus
715 890 795 945 esse,
820 867 961 930 studium
986 889 1113 952 quoque
1137 867 1323 952 vehemens,
1347 870 1485 954 aliquam
1509 870 1627 954 linguae

367 973 477 1059 patriae
501 971 700 1036 commodius
724 971 883 1034 discendas
907 970 1123 1057 docendaeque
1146 972 1230 1035 viam
1255 973 1382 1056 nostris,
1406 996 1443 1036 ac
1464 974 1627 1059 praecipue

367 1076 557 1162 peregrinis,
592 1074 799 1153 monstrandi,
822 1075 924 1160 magis
960 1075 1124 1160 magisque
1149 1075 1252 1139 calcar
1275 1075 1409 1154 addidit,
1434 1090 1470 1140 ut
1493 1076 1627 1140 medita-

324 1249 327 1256 ,
366 1182 472 1245 tiones
506 1201 593 1243 meas
624 1179 663 1242 de
688 1178 864 1242 condendis
888 1179 1112 1264 grammatices
1137 1179 1288 1244 Suecanae
1313 1181 1481 1265 praeceptis
1505 1181 1625 1266 scripto

366 1283 683 1370 comprehenderem,
712 1305 775 1367 quo
799 1305 852 1346 eas
876 1305 948 1346 cum
974 1283 1049 1345 viris
1074 1284 1208 1347 eruditis
1233 1285 1406 1369 patriaeque
1431 1286 1548 1368 linguae
1572 1307 1626 1346 cx·

367 1387 510 1452 colendae
533 1387 685 1450 studiosis
709 1385 946 1448 communicare
971 1387 1170 1450 commodius
1195 1411 1332 1472 possem.
1369 1388 1431 1450 Sed
1449 1389 1476 1451 is
1493 1402 1625 1450 conatus

367 1491 572 1575 studiumque
609 1508 674 1552 rum
710 1490 840 1573 quidem
869 1489 1003 1552 aliorum
1029 1491 1231 1574 negotiorum
1255 1492 1626 1576 impedimentorumque

363 1597 548 1658 interventu
584 1595 757 1657 subsistere
782 1607 831 1656 est
854 1608 993 1658 coactus.
1040 1593 1177 1657 Biennio
1202 1609 1284 1681 post,
1308 1594 1421 1657 itidem
1447 1595 1505 1658 sub
1534 1594 1625 1657 feriis

364 1699 570 1774 aestivalibus,
605 1721 677 1760 cum
707 1699 738 1759 in
774 1696 907 1759 schedas
932 1720 1017 1760 meas
1042 1711 1074 1760 et
1097 1698 1294 1760 collectanea
1317 1697 1514 1775 incidissem,
1537 1699 1624 1760 idem

364 1802 457 1865 ardor
490 1801 666 1878 recruduit,
703 1801 909 1885 animumque
934 1823 1040 1863 meum
1065 1801 1110 1863 ita
1132 1802 1312 1885 occupavit,
1336 1815 1372 1864 ut
1395 1801 1466 1864 aliis
1491 1801 1624 1865 medita·

362 1907 505 1970 tionibus
529 1905 689 1990 sepositis,
713 1928 777 1967 non
800 1905 889 1990 prius
918 1905 1118 1982 desisterem,
1137 1927 1231 1988 quam
1248 1907 1472 1989 grammatices
1487 1904 1625 1969 Sueticaa

362 2010 470 2094 qualia
488 2009 595 2094 qualia
617 2009 822 2086 lineamenta,
848 2009 1001 2093 pleraque
1018 2021 1125 2071 tamen
1143 2008 1247 2071 adhuc
1263 2009 1484 2094 tumultuarie,
1501 2010 1625 2094 consig-

362 2135 488 2176 nassem
523 2125 618 2196 atque
647 2111 680 2174 in
715 2111 859 2174 ordinem
885 2113 1140 2197 qualemcunque
1164 2113 1371 2198 redegissem.
1417 2114 1539 2176 Iterum
1565 2114 1624 2176 hac

361 2230 482 2301 aestate,
516 2239 588 2280 cum
623 2216 669 2279 ita
698 2217 799 2279 otium
834 2230 927 2290 esset,
952 2239 1021 2301 quae
1045 2229 1118 2280 ante
1142 2217 1278 2279 collecta
1300 2234 1391 2279 erant
1413 2217 1554 2302 penitius
1576 2218 1624 2280 in-

361 2321 508 2406 trospexi
542 2335 575 2382 et
598 2319 777 2398 emendavi,
802 2333 838 2383 ut
860 2321 1062 2405 quantocijus
1085 2344 1157 2384 mea
1180 2321 1461 2406 grammaticorum
1484 2345 1625 2408 praecsp·

361 2437 467 2488 torum
483 2417 485 2422 ’
499 2423 682 2487 rudimenta
704 2425 903 2487 eruditorum
927 2425 1069 2487 virorum
1093 2438 1188 2510 atquc
1212 2425 1244 2487 in
1261 2425 1318 2488 his
1343 2426 1477 2510 aliisque
1502 2427 1622 2508 majore

357 2528 476 2612 judicii
516 2529 672 2604 acumine,
712 2528 899 2612 ingeniique
935 2528 1090 2592 felicitate
1125 2543 1158 2592 et
1191 2529 1367 2614 capacitate
1405 2530 1623 2614 praeditorum,

361 2653 504 2695 censurae
527 2632 685 2716 subjicere
709 2654 841 2717 queam:
867 2655 930 2716 quo
954 2655 1064 2694 eorum
1091 2633 1369 2696 observationibus
1394 2633 1622 2696 admonitioni-

363 2735 487 2820 busque
512 2735 640 2820 adjutus
664 2749 696 2798 et
719 2735 880 2814 suffultus,
904 2735 1032 2798 tandem
1050 2737 1289 2820 grammaticam
1309 2736 1472 2799 Sueticam
1495 2736 1621 2799 meliori

361 2861 434 2901 cum
464 2861 615 2902 successu
638 2837 796 2902 conficere
831 2853 938 2923 atque,
961 2839 988 2901 si
1011 2839 1089 2924 ipsis
1113 2839 1158 2902 ita
1182 2861 1199 2902 e
1222 2862 1256 2902 re
1274 2840 1378 2902 visum
1396 2840 1467 2918 erit,
1484 2839 1621 2924 publicae

361 2942 533 3027 aliquando
556 2943 622 3006 luci
645 2943 848 3006 committere
871 2942 1001 3028 possim.
1049 2941 1140 3025 Sunt,
1164 2943 1276 3015 fateor,
1300 2943 1333 3005 in
1356 2942 1405 3005 his
1429 2941 1621 3005 rudimentis

360 3045 445 3110 haud
481 3069 593 3132 pauca,
629 3068 698 3130 quae
732 3045 802 3130 ipse
831 3067 958 3130 quoque
989 3048 1055 3129 jam
1092 3046 1292 3130 deprehendi
1316 3047 1511 3110 accuratiore
1536 3046 1620 3110 ascia

360 3151 625 3234 correctioueque
650 3149 755 3234 aliqua
779 3172 859 3234 opus
882 3150 1010 3227 habere,
1035 3151 1210 3235 praesertim
1236 3173 1307 3212 curn
1332 3173 1395 3213 non
1420 3173 1522 3235 pauca
1538 3151 1622 3214 inter

360 3253 607 3317 describendum
632 3253 696 3316 sint
719 3253 855 3336 adjecta,
884 3275 944 3317 nec
967 3277 1101 3339 usquam
1125 3254 1187 3316 nisi
1209 3254 1243 3316 in
1266 3253 1326 3317 hac
1349 3253 1458 3317 charta
1481 3254 1620 3339 primum

358 3358 562 3442 consignata:
597 3357 653 3420 sed
688 3379 759 3419 cum
785 3358 900 3442 saepius
929 3357 1044 3422 iterata
1066 3358 1239 3440 exscriptis
1261 3358 1397 3420 nimium
1421 3357 1557 3421 molesta
1580 3357 1622 3420 sit

358 3461 477 3537 futura,
492 3483 602 3524 eorum
628 3461 886 3524 emendationem
911 3461 1040 3525 differre
1064 3462 1168 3524 visum
1193 3475 1250 3537 est,
1276 3461 1378 3524 donec
1395 3461 1530 3524 aliorum
1548 3483 1619 3524 eru-

358 3565 500 3628 ditorum
536 3565 677 3627 virorum
712 3588 809 3650 super
837 3566 886 3628 his
910 3579 1021 3630 nactus
1046 3566 1138 3628 fuero
1162 3561 1420 3641 observationes;
1444 3587 1507 3650 qua
1530 3587 1618 3628 occa-

357 3669 447 3732 sione
483 3691 546 3732 una
569 3691 641 3732 cum
666 3669 741 3752 illis,
766 3669 875 3732 debito
900 3670 1072 3754 unicuique
1096 3669 1217 3732 honore
1241 3668 1363 3747 habim,
1388 3691 1465 3732 meae
1490 3691 1617 3754 quoque

357 3773 599 3836 emendationes
623 3773 688 3836 suis
709 3795 842 3858 quaeque
866 3773 945 3836 locis
969 3773 1170 3836 commodius
1193 3773 1291 3836 inseri
1314 3786 1457 3858 possunt.
1488 3773 1525 3836 ld
1541 3795 1619 3835 vero

356 3875 409 3940 hic
432 3889 506 3939 ante
530 3877 638 3939 omnia
662 3877 786 3940 monitu
809 3878 1024 3941 necessarium
1048 3877 1188 3960 videtur,
1212 3877 1319 3940 mein
1344 3875 1431 3940 hisce
1449 3875 1618 3961 praeceptis

357 3980 583 4064 consignandis
608 3982 768 4066 praecipue
793 3981 968 4044 attendisse
993 3981 1032 4044 ad
1056 3982 1199 4066 linguam
1222 3993 1375 4058 nostram,
1401 3980 1504 4064 qualis
1521 3979 1617 4043 hodie

357 4084 461 4148 estin
486 4107 555 4163 usu,
580 4086 613 4148 in
639 4108 739 4170 eaque
763 4108 966 4149 communem
991 4086 1223 4170 melioremque
1247 4084 1432 4158 dialectum,
1456 4085 1489 4146 in
1512 4083 1618 4168 publi-

355 4188 401 4252 cis
435 4188 668 4264 instrumentis,
693 4213 753 4253 nec
777 4213 841 4253 non
865 4189 936 4252 aliis
960 4191 1211 4254 accuratioribus
1234 4189 1399 4274 impressis
1423 4187 1617 4272 scriptisque

354 4291 458 4371 libris,
482 4293 579 4377 inque
603 4293 652 4356 his
677 4294 853 4378 praesertim
878 4293 1046 4359 Sacrorum
1069 4295 1247 4358 Biblicrum
1269 4295 1429 4376 versione,
1453 4304 1616 4377 receptam

355 4409 388 4458 et
412 4397 632 4460 observatam:
657 4421 729 4461 cum
753 4397 786 4460 id
811 4399 940 4482 publice
964 4399 1179 4483 privatimque
1203 4399 1333 4484 majoris
1356 4397 1527 4460 videbatur
1545 4395 1615 4459 fore

354 4523 443 4584 usus,
477 4523 583 4585 quam,
618 4502 833 4564 obsoletarum
859 4524 997 4587 quoque,
1021 4502 1192 4587 minusque
1216 4516 1272 4566 aut
1293 4501 1375 4564 nihil
1398 4500 1494 4564 hodie
1518 4500 1616 4563 usita-

354 4618 457 4667 tarum
492 4604 680 4668 flectionum
716 4620 749 4668 et
782 4606 1058 4669 constructionum
1093 4607 1219 4691 regulas
1242 4606 1362 4692 ubique
1385 4605 1615 4692 inspergenda,

353 4708 471 4796 linguae
505 4723 621 4774 nostrae
656 4723 827 4798 praecepta,
861 4731 925 4773 non
961 4709 1140 4798 peregrinis
1164 4710 1270 4792 modo,
1293 4710 1350 4776 sed
1375 4723 1408 4774 et
1430 4709 1509 4798 ipsis
1532 4711 1615 4774 indi-
