3674 5694
357 456 397 515 72
686 453 733 512 Er.
757 453 910 512 Aurivillii
934 455 1130 514 Grammatico
1153 457 1291 516 Svecana.

442 637 517 701 Not.
553 636 665 716 Quoad
688 637 1001 722 pronunciationem:
1026 638 1098 701 talis
1122 660 1159 702 ea
1181 641 1280 724 vulgo
1304 651 1433 724 recepta
1453 652 1511 715 est,
1528 652 1564 703 ut
1579 640 1612 703 in

358 741 543 805 masculinis
567 742 599 804 in
624 763 797 804 consonam
822 741 1043 804 desinentibus
1067 743 1099 805 in
1122 742 1182 806 hac
1205 749 1306 806 forma
1323 766 1361 808 stt
1377 767 1441 807 non
1457 745 1542 807 clare
1558 766 1613 806 ex-

357 845 495 927 auditur,
519 845 574 908 sed
602 845 708 910 clere
744 841 884 919 eliditur,
917 859 954 907 ut
990 845 1148 928 lrouuupu,
1183 847 1298 929 publia,
1331 848 1453 930 rosires,
1488 849 1614 913 stoeben

357 961 416 1012 etc.
461 948 588 1033 Excipe
623 948 725 1012 dcsin.
760 947 792 1010 in
827 970 858 1032 a,
882 960 918 1010 ut
940 970 1086 1026 munuera,
1110 949 1188 1012 item
1211 949 1245 1012 in
1267 951 1342 1014 dut
1365 951 1497 1015 lunden.
1544 951 1613 1013 lmo

357 1075 434 1116 vero
458 1053 491 1115 in
515 1051 703 1137 quotidiano
726 1074 786 1115 usu
811 1051 907 1114 etiam
923 1074 945 1116 rt
968 1052 1000 1114 in
1026 1053 1090 1116 illis
1115 1053 1256 1130 eliditur,
1280 1066 1317 1116 ut
1332 1075 1439 1130 mauu,
1453 1060 1538 1118 steen
1555 1077 1613 1139 pro

355 1177 503 1238 maranen,
526 1162 635 1220 stetten
658 1167 717 1218 etc.
762 1156 800 1220 In
825 1155 935 1221 femin.
958 1179 1036 1218 vero
1060 1156 1175 1220 clarius
1199 1157 1381 1220 exauditur.

451 1259 519 1322 NB.
567 1259 640 1322 Istae
663 1259 906 1323 terminationes
930 1259 1086 1347 originem
1110 1259 1236 1323 trahere
1258 1261 1408 1323 videntur
1425 1261 1463 1323 ab
1481 1261 1616 1323 articulo

357 1363 495 1450 quodam
531 1362 637 1439 affixo,
673 1384 729 1424 seu
764 1363 889 1426 suffixo
937 1362 1027 1425 Siout
1062 1363 1146 1426 enim
1182 1363 1335 1426 articulus
1359 1387 1397 1429 ert
1421 1377 1454 1426 et
1476 1370 1517 1428 etr
1540 1387 1613 1426 oum

356 1467 553 1553 praeponitur
586 1455 781 1550 nominibus,
815 1467 994 1530 absolutam
1029 1467 1163 1530 formam
1198 1467 1354 1552 designat,
1391 1468 1485 1552 eique
1509 1469 1613 1531 solum

355 1571 520 1635 convenit:
544 1569 589 1632 ita
611 1570 644 1633 in
667 1569 731 1632 fine
754 1569 938 1632 nominibus
962 1569 1086 1652 affixus,
1111 1570 1286 1655 definitam,
1310 1593 1367 1634 seu
1390 1571 1614 1656 respecturum,

356 1675 438 1739 banc
461 1674 628 1736 nominum
653 1672 921 1758 significationem
944 1673 1111 1736 induxisse
1135 1675 1273 1737 videtur.

441 1777 480 1842 ln
505 1777 690 1840 masculinis
714 1789 747 1840 et
769 1777 947 1861 femininis,
970 1777 1119 1862 quotiens
1142 1779 1176 1841 in
1200 1791 1428 1842 consonantem
1451 1779 1614 1856 desinunt,

353 1885 481 1970 integer
503 1881 565 1945 iste
582 1880 736 1944 articulus
761 1881 814 1942 vel
838 1882 1021 1944 terminatio
1044 1903 1082 1946 ert
1106 1881 1254 1967 affigitur.

437 1985 600 2070 Exempla
623 1983 884 2058 masculinorum,
909 2007 967 2070 per
983 2007 1094 2048 omnes
1112 1985 1276 2070 alphabeti
1292 2008 1447 2048 consonas
1461 2007 1503 2048 ex
1519 1985 1616 2046 tertia

354 2091 571 2154 declinatione
607 2088 759 2152 absolutae
793 2088 913 2152 formas.
960 2090 1080 2168 Ktutt,
1114 2111 1198 2174 resp.
1234 2090 1385 2167 ltlubbeu;
1410 2091 1505 2172 petru,
1529 2111 1613 2174 resp.

350 2195 492 2279 petralem
515 2194 610 2277 tiuuf,
633 2215 716 2276 resp.
743 2192 874 2274 tiufwcu
894 2192 963 2276 (ubi
985 2205 1052 2256 not.
1077 2194 1162 2277 quod
1186 2205 1259 2256 ante
1278 2215 1316 2257 cra
1332 2193 1557 2278 interponatur
1571 2196 1616 2272 w)

352 2299 489 2380 konuup,
524 2318 608 2381 resp.
644 2295 827 2377 kouurtqem
861 2297 945 2378 tart,
980 2318 1064 2380 resp.
1099 2297 1229 2373 bultem
1251 2297 1337 2369 wall,
1371 2319 1454 2381 resp.
1479 2299 1615 2376 mollem

353 2402 454 2478 deoru,
478 2421 560 2484 resp.
586 2401 716 2478 domem
737 2406 832 2481 steen,
867 2421 951 2483 resp.
986 2407 1114 2478 stenem
1144 2401 1294 2476 letamen,
1323 2422 1402 2482 resp.
1432 2401 1616 2465 leltumeueu

354 2507 373 2568 2
408 2503 529 2568 Corint.
566 2505 584 2567 5
620 2527 649 2568 v.
685 2505 715 2578 6,
750 2503 784 2579 8;
818 2503 926 2585 didym,
956 2525 1038 2588 resp.
1063 2504 1219 2585 mappam
1241 2508 1337 2586 atrior,
1360 2526 1444 2589 resp.
1469 2509 1615 2582 alborem

354 2611 470 2690 broma,
494 2629 576 2691 resp.
601 2608 764 2684 triensem
786 2607 869 2683 brist,
894 2628 978 2690 resp.
1001 2607 1131 2685 latialem
1154 2609 1219 2689 lox,
1244 2629 1326 2691 resp.
1352 2608 1465 2685 lucem·
1487 2607 1614 2691 abacta,

354 2733 438 2796 resp.
464 2703 628 2776 stuatrert'.

439 2814 469 2876 N
472 2813 509 2876 Β.
555 2813 619 2876 Hic
642 2814 819 2876 secundum
837 2813 1000 2898 antiquam
1016 2812 1190 2875 flexionem
1208 2814 1365 2876 anomalia
1380 2815 1488 2877 locum
1504 2814 1613 2878 habet.

352 2918 436 2982 Nam
471 2939 554 3002 saepe
590 2917 729 2980 occurrit
750 2917 785 2979 in
818 2917 883 2980 LL.
909 2917 1026 2983 nostris
1051 2917 1211 2998 kouuuper
1234 2939 1292 3001 pro
1315 2918 1489 3000 koauuqeu.
1534 2917 1613 2982 Vid.

356 3044 382 3085 c.
408 3023 438 3102 6,
462 3024 492 3104 7,
516 3023 545 3096 8,
571 3021 611 3084 10
634 3020 702 3084 KB.
728 3021 795 3083 LL.

436 3123 682 3186 Femininorum
717 3145 759 3186 ex
783 3123 895 3186 eadem
920 3122 1137 3186 declinatione
1161 3122 1272 3186 formae
1297 3123 1462 3209 absolutae,
1486 3127 1613 3204 strand,

351 3251 437 3312 resp.
461 3228 634 3304 structilem
656 3227 744 3308 steps,
768 3249 851 3311 resp.
876 3227 1043 3308 sleeswem
1066 3226 1157 3306 strip,
1170 3248 1254 3311 resp.
1272 3227 1390 3309 stipem
1405 3229 1509 3305 wouh,
1526 3251 1613 3314 resp.

351 3331 481 3408 multem
504 3331 579 3412 sicil,
602 3352 685 3415 resp.
709 3330 832 3408 sidiam
855 3350 948 3406 reem,
972 3351 1054 3412 resp.
1079 3349 1202 3406 runem
1222 3352 1339 3412 praua,
1362 3354 1445 3416 resp.
1468 3353 1614 3414 prunam

353 3455 459 3517 praep,
481 3455 564 3518 resp.
587 3453 723 3515 prepem
746 3433 831 3509 dior,
855 3454 939 3516 resp.
963 3432 1077 3508 dtrem
1100 3433 1279 3514 smdrpdda
1303 3456 1387 3518 resp.
1411 3437 1615 3517 smdrydseru

353 3543 447 3612 mast,
471 3557 554 3621 resp.
577 3542 717 3614 martem
740 3557 812 3618 suc,
834 3557 918 3620 resp.
941 3556 1050 3600 sacen.

438 3640 514 3704 Not.
551 3639 742 3703 Desinentia
764 3639 797 3701 in
821 3641 850 3704 cl
873 3650 906 3701 et
928 3661 962 3704 cr
983 3639 1116 3702 mascul.
1141 3638 1286 3722 quaedam
1311 3651 1344 3700 et
1365 3638 1476 3702 femin.
1502 3641 1536 3704 in
1552 3640 1615 3704 bac

351 3743 544 3806 formatione
580 3743 707 3805 elidunt
739 3764 764 3818 e,
800 3755 836 3804 ut
869 3743 1003 3825 albswel,
1026 3741 1181 3824 slbfwelru
1204 3742 1346 3825 sltofwel
1370 3743 1526 3825 sltofweltt
1549 3757 1613 3809 etc.

349 3847 475 3932 Excipe
509 3847 645 3927 latraturi,
678 3868 761 3931 resp.
801 3845 975 3922 assumeret,
1008 3845 1167 3909 birumelrt.
1223 3845 1293 3908 Imo
1328 3867 1404 3908 vero
1438 3847 1471 3910 in
1506 3849 1613 3932 quoti-

349 3950 445 4012 diana
467 3949 734 4034 pronunciatione
759 3951 847 4035 prius
871 3971 886 4014 e
908 3949 1060 4030 retinent,
1072 3949 1231 4032 posterius
1249 3949 1384 4032 elidunt,
1401 3963 1437 4013 ut
1454 3954 1613 4036 atoswelrt,

346 4053 477 4137 paffelrt,
500 4053 534 4114 in
558 4075 654 4116 masc.
677 4064 761 4116 cont.
787 4053 820 4114 in
843 4051 954 4114 femin.
979 4050 1105 4113 elidunt
1127 4051 1225 4135 prius.

435 4155 688 4219 Masculinorum
706 4178 747 4218 ex
764 4166 876 4240 quarta
892 4155 1107 4218 declinatione
1124 4155 1235 4218 formae
1248 4155 1412 4234 absolutae,
1426 4159 1511 4235 sedit,
1524 4181 1613 4244 resp.

347 4261 481 4338 seditem
493 4261 584 4341 adop,
598 4281 682 4344 resp.
695 4261 833 4342 satrapem
846 4258 932 4333 edelr,
946 4280 1028 4342 resp.
1043 4259 1158 4324 adultera
1166 4279 1177 4336 ,·
1190 4264 1318 4336 saurim,
1334 4282 1417 4344 resp.
1433 4268 1595 4328 austriaca
1603 4284 1616 4341 ;

342 4385 473 4445 persora,
507 4384 590 4447 resp.
623 4381 798 4443 personam
830 4363 926 4444 prijs,
960 4384 1044 4445 resp.
1066 4363 1210 4443 prijseu;
1226 4367 1335 4445 prrist,
1359 4386 1443 4448 resp.
1464 4370 1614 4446 prdsterr.

435 4466 682 4530 Femininorum
707 4487 749 4527 ex
772 4464 885 4526 eadem
909 4465 1135 4542 declinatione,
1148 4465 1242 4546 dypd,
1265 4487 1348 4550 resp.
1365 4469 1508 4550 dppdem
1524 4489 1615 4552 serp,

346 4591 431 4660 resp.
464 4589 598 4663 stirpem
632 4569 725 4649 aaut,
759 4589 842 4660 resp.
878 4567 995 4650 salem
1019 4589 1124 4653 rcum,
1146 4589 1230 4657 resp.
1253 4589 1384 4653 sautem
1407 4591 1500 4654 eppa,
1525 4595 1614 4658 resp.
