3648 5696
766 496 809 558 De
833 497 939 558 Verbo,
1421 499 1481 559 127

305 681 662 768 Plusqua'mperfectum
678 683 717 765 ¹),
741 683 827 768 quod
852 683 1043 767 simpliciter
1066 704 1133 745 rem
1158 682 1297 767 aliquam
1321 697 1482 768 peractam

221 801 320 861 notat,
356 786 500 872 nihilque
535 787 722 860 attenditur,
746 809 809 871 quo
833 800 988 870 tempore,
1015 809 1119 871 nuper
1143 809 1181 848 an
1206 787 1327 850 dudum
1353 800 1482 872 peracta

221 892 272 967 sit,
306 913 410 976 neque
434 891 566 954 alterius
589 895 636 954 rei
661 891 714 954 vel
738 891 871 953 aetionis
895 890 1158 954 consecutionem
1181 891 1323 975 respicit,
1347 907 1384 953 ut
1398 891 1483 974 Jayb

220 995 344 1078 bcfwer
376 995 494 1077 silebat,
528 1001 610 1077 sapt,
647 995 733 1075 lesit,
756 995 826 1058 labri
848 1009 908 1056 etc.
955 993 1051 1058 chb
1072 994 1195 1076 lraswer
1218 994 1335 1077 adaperi
1357 993 1484 1060 himmel

222 1099 277 1164 och
297 1099 390 1180 Jorcb
430 1097 579 1164 Christus
606 1098 731 1175 baswar
753 1118 807 1162 oss
830 1099 981 1176 diariis&
1004 1098 1085 1162 siben
1106 1098 1134 1162 la.
1160 1098 1247 1164 anda
1272 1099 1395 1182 baswar
1425 1119 1481 1180 ap-

222 1204 286 1285 iyat
307 1222 371 1266 oss.

308 1305 479 1387 Futurum,
501 1327 565 1389 quo
588 1326 639 1368 res
662 1304 714 1366 vel
739 1305 822 1367 actio
844 1317 899 1367 aut
915 1305 1021 1388 passio
1037 1305 1144 1390 aliqua
1159 1304 1268 1368 futura
1284 1304 1483 1389 designatur,

221 1422 259 1474 ut
284 1409 367 1492 jcpb
400 1409 467 1473 wilt
500 1408 576 1472 oller
609 1407 682 1471 slral
705 1407 810 1490 dista,
835 1407 918 1490 ilisa,
942 1427 1001 1491 see,
1025 1415 1103 1484 troo,
1127 1411 1195 1491 ὀνο,
1216 1410 1284 1491 prid
1307 1422 1368 1472 etc.
1394 1421 1427 1470 et
1449 1407 1483 1470 in

222 1535 305 1599 pass.
327 1513 451 1584 diolcos,
476 1512 578 1594 Idaea,
602 1532 680 1594 acea,
704 1518 789 1574 troas
808 1525 869 1575 etc.
884 1513 909 1590 ²)

309 1623 337 1682 8.
385 1616 437 1678 De
461 1615 763 1699 Conjugatione
790 1615 1020 1678 Verborum.

303 1718 556 1804 Conjugationes
590 1717 623 1780 in
646 1717 758 1802 lingua
780 1716 919 1799 Suetica,
942 1732 1097 1803 quantum
1120 1718 1200 1781 mihi
1223 1719 1353 1803 quidem
1378 1720 1482 1782 adhuc

222 1845 351 1885 cernere
377 1823 480 1900 datur,
504 1821 763 1884 commodissime
787 1821 884 1884 statui
908 1844 1002 1906 posse
1027 1821 1178 1884 videntur
1202 1836 1326 1906 septem
1350 1846 1409 1907 pro
1426 1847 1483 1886 nu-

221 1948 310 1989 mero
344 1925 515 2008 vocalium,
538 1926 570 1988 in
595 1947 672 2010 quas
695 1924 874 1988 infinitivus
900 1925 1083 2008 verborum,
1106 1926 1139 1988 in
1163 1927 1274 2010 lingua
1296 1941 1405 1989 nostra
1428 1927 1482 1989 de·

220 2030 310 2104 sinit3
345 2053 415 2114 quae
449 2043 534 2112 sunt,
565 2050 586 2093 a
608 2051 624 2094 e
647 2032 660 2094 a·
681 2050 699 2092 ο
720 2051 741 2112 y
763 2031 824 2094 ἅό
860 2043 893 2092 et
928 2031 1084 2114 cujusque
1120 2030 1356 2114 conjugationis
1380 2031 1482 2094 literae

222 2146 297 2196 sunt
320 2132 595 2198 characteristica.

307 2236 382 2300 Not.
407 2256 428 2300 1.
477 2235 725 2299 Distinctionem
760 2235 1024 2320 conjugationum
1060 2258 1121 2320 ego
1155 2237 1188 2300 in
1223 2250 1332 2300 nostra
1361 2237 1483 2322 lingua,

221 2340 304 2402 siout
338 2352 371 2403 et
404 2339 475 2404 aliis
509 2340 673 2403 nonnullis
708 2339 831 2424 optime
861 2339 988 2402 desumi
1021 2341 1157 2403 arbitror
1191 2341 1483 2404 exterminatione

221 2443 409 2520 infinitivi³)
433 2443 532 2522 modi,
556 2467 627 2506 cum
651 2443 708 2506 ille
732 2442 989 2527 simplicissimus
1013 2443 1065 2527 sit,
1089 2458 1121 2506 et
1137 2445 1277 2508 maxime
1294 2444 1423 2520 obvius;
1443 2466 1485 2508 ex

221 2571 284 2633 quo
308 2548 424 2632 reliqui
447 2547 535 2610 modi
558 2547 730 2610 verborum
755 2561 788 2610 et
810 2559 956 2631 tempora
979 2547 1068 2610 sacili
1090 2549 1268 2612 mutatione
1293 2548 1484 2632 formantur,

222 2652 317 2716 etiam
342 2652 448 2736 ipsum
472 2651 665 2736 perfectum,
689 2651 873 2736 ubicunque
896 2651 978 2713 illud
994 2651 1187 2736 regulariter
1203 2658 1366 2716 formatur.
1401 2653 1483 2716 Nam

222 2777 259 2818 ex
293 2755 441 2840 perfecto
472 2755 713 2818 distinctionem
749 2755 1012 2839 conjugationum
1050 2769 1171 2840 petere,
1195 2769 1328 2840 propter
1351 2756 1482 2820 nimiam
1585 2765 1589 2780 ⁴

220 2862 290 2944 ejus
314 2859 526 2922 variationem
551 2872 584 2922 et
607 2858 808 2935 anomaliam,
832 2859 918 2921 haud
942 2881 1017 2922 sane
1042 2859 1246 2922 commodum
1271 2859 1378 2926 fuerit.
1427 2859 1484 2924 Or·

221 2964 330 3026 dinem
354 2985 483 3048 quoque
508 2985 617 3026 earum
641 2986 706 3025 non
723 2963 805 3026 male
822 2963 920 3025 statui
936 2963 1088 3026 existimo
1101 2963 1197 3046 juxta
1213 2963 1370 3046 ordinem,
1387 2985 1482 3048 quem

220 3068 253 3130 in
277 3066 449 3152 alphabeto
473 3067 593 3130 habent
615 3067 753 3140 vocales,
777 3089 847 3151 quae
869 3065 1023 3130 infinitivi
1046 3079 1121 3130 sunt
1144 3066 1418 3131 characteristica.

307 3190 342 3236 11.
387 3171 504 3234 Nullus
528 3170 707 3234 infinitivus
731 3169 851 3234 desinit
873 3171 906 3233 in
929 3191 951 3234 u
973 3170 1118 3256 adeoque
1142 3171 1199 3234 illa
1220 3171 1341 3236 vocalis
1363 3171 1484 3235 nullius

222 3275 458 3360 conjugationis
493 3289 542 3338 est
570 3274 842 3338 characteristica:
867 3274 951 3338 forte
975 3275 1016 3338 ob
1040 3275 1145 3338 minus
1168 3261 1294 3361 gratum
1319 3275 1407 3340 illius
1431 3298 1485 3338 vo·

221 3379 299 3442 calis
322 3401 447 3442 sonum.

306 3501 356 3547 111.
401 3480 488 3546 Olim
522 3481 629 3544 nullus
663 3480 842 3544 infinit-ivus
872 3479 1039 3544 desinebat
1061 3481 1094 3544 in
1115 3482 1147 3565 ἅ,
1171 3481 1315 3565 adeoque
1339 3495 1372 3544 et
1395 3481 1484 3545 nulla

220 3598 299 3650 tune
321 3585 385 3649 fuir
404 3584 589 3670 conjugatio
612 3584 784 3648 verborum
809 3583 1026 3648 desinentium
1050 3584 1084 3648 in
1106 3585 1138 3668 ἅ,
1161 3583 1217 3647 sed
1234 3606 1272 3648 ea
1289 3586 1397 3665 verba,
1414 3608 1483 3670 quae
1553 3596 1556 3600 '

221 3689 318 3753 hodie
342 3689 494 3756 desinunt
516 3689 549 3751 in
572 3689 603 3764 ri,
627 3703 704 3752 tunc
727 3687 944 3752 efferebantur
960 3710 1018 3772 per
1033 3710 1064 3753 a.
1099 3689 1136 3752 Id
1155 3687 1240 3773 quod
1257 3700 1325 3752 tum
1341 3688 1482 3769 aliunde,

221 3799 366 3857 tum‘ex
389 3793 488 3878 legib.
513 3792 631 3864 nostris
655 3792 795 3877 antiquis
818 3803 919 3876 patet,
942 3791 998 3855 ubi
1020 3814 1178 3877 nusquam
1201 3792 1223 3856 ci
1245 3791 1400 3878 reperies,
1424 3793 1482 3858 sed

222 3899 291 3981 ejus
325 3898 397 3962 loco
429 3919 460 3962 a.
506 3896 601 3976 Quod
630 3919 706 3960 usus
729 3896 933 3981 sequentium
958 3909 1139 3982 temporum
1163 3895 1359 3980 immutavit,
1381 3910 1419 3960 ut
1441 3918 1483 3959 ex

221 4001 349 4087 legibus
383 4002 500 4064 nostris
534 3999 660 4064 usitatis
695 4000 882 4084 caeterisque
916 3999 1151 4064 recentioribus
1180 3999 1320 4086 scriptis,
1348 4000 1401 4064 vel
1424 3999 1481 4064 im-

222 4105 340 4190 pressis
363 4104 465 4182 libris,
489 4117 522 4166 et
544 4102 701 4167 hodierno
725 4125 786 4166 usu
808 4103 885 4166 satis
909 4115 1043 4168 constat.

306 4228 349 4272 rv.
394 4209 490 4271 Licet
523 4207 600 4271 olim
623 4213 646 4273 a·
668 4229 795 4292 quoque
819 4205 972 4270 infinitivi
994 4205 1252 4270 characteristica
1275 4206 1384 4285 fuerit,
1408 4227 1481 4270 cum

221 4311 353 4398 plurimi
385 4326 463 4376 tunc
489 4311 643 4375 infinitivi
666 4311 852 4374 desinerent
874 4311 906 4372 in
930 4313 962 4393 ci,
985 4323 1021 4372 ut
1044 4333 1086 4372 ex
1109 4309 1236 4394 legibus
1260 4309 1377 4373 nostris
1400 4309 1482 4372 anti·

292 4452 313 4517 ¹)
332 4453 443 4503 Rectius
462 4452 636 4502 Praeteritum
655 4451 830 4504 indefinitum
849 4455 878 4501 et
896 4465 952 4500 non
971 4451 1164 4514 respectivnm.

292 4539 315 4605 ²)
335 4541 539 4604 interrogative
559 4541 608 4591 sic.

292 4625 314 4694 8)
333 4629 406 4678 Olim
425 4628 555 4679 videntur
574 4643 668 4678 ornnes
688 4623 819 4678 infinitivi
838 4626 955 4677 desiisse
974 4625 1002 4674 in
1022 4639 1047 4676 α.

293 4717 428 4768 infinitivi
455 4729 473 4766 a
491 4728 529 4767 an
546 4729 559 4767 e
576 4729 592 4766 ο
611 4715 655 4784 t'y
672 4711 724 4767 tid
751 4731 801 4781 per
828 4711 1047 4766 contractionem
1074 4712 1153 4774 lacti,
1177 4709 1250 4763 unde
1275 4711 1483 4766 constituuntur

221 4806 307 4858 rerba
320 4805 503 4857 circumflexa.
