3648 5696
389 523 428 582 98
716 523 763 581 llr.
789 521 940 578 Aurivillii
964 521 1159 579 Grammatica
1184 521 1321 578 Svecana.

473 707 547 770 Not.
595 705 673 769 Haec
706 705 890 769 terminatio
927 705 959 767 in
993 704 1027 770 dt
1059 705 1145 788 (quae
1181 704 1277 766 etiam
1307 704 1405 787 vulgo
1429 727 1501 767 cum
1525 703 1648 768 nudot

387 811 551 890 scribitur)
576 810 682 895 potius
703 822 752 872 est
764 809 947 872 terminatio
962 807 1114 891 adjectivi
1132 807 1278 870 neutrius
1294 808 1432 892 generis.
1472 807 1648 892 Sequentia

386 937 463 978 vero
488 914 638 998 exempla
661 914 694 976 in
717 914 751 978 ld
773 913 891 976 rectius
913 911 975 974 huc
998 911 1132 975 faciunt.

474 1019 504 1081 2.
548 1018 601 1080 Ex
625 1017 800 1100 Participio
828 1017 955 1079 Activo.

419 1123 457 1185 In
480 1123 526 1186 de.
729 1121 766 1183 In
791 1123 836 1185 de.
1050 1119 1088 1181 ln
1111 1119 1157 1182 de.
1365 1118 1402 1180 ln
1426 1119 1473 1182 de.

385 1232 524 1290 bastando
705 1231 831 1287 torande
1017 1229 1163 1304 nyctiande
1333 1227 1493 1310 braalcaade

386 1337 524 1393 dlakaade
705 1333 842 1390 walcande
1018 1334 1139 1407 rytaade
1336 1332 1512 1407 akdlswaade

386 1440 507 1497 larunda
704 1437 829 1494 reconde
1020 1437 1173 1510 alcrytonde
1334 1437 1483 1511 baswande

385 1545 506 1600 locande
704 1542 824 1599 reconde
1020 1539 1162 1596 brusaade
1332 1539 1487 1610 m'J‘dlrande

384 1647 534 1722 lustranda
1330 1643 1474 1718 liqqiaade
1497 1648 1552 1700 etc.

471 1761 544 1826 Not.
596 1759 672 1820 llaec
695 1757 790 1819 hodic
816 1757 914 1839 vulgo
938 1757 1100 1842 recipiunt
1123 1777 1139 1819 s
1163 1757 1194 1818 in
1219 1755 1292 1831 fine,
1318 1771 1354 1817 ut
1373 1757 1474 1837 auditi
1489 1757 1646 1840 befullan-

385 1865 456 1944 dem
480 1865 523 1927 du
545 1883 615 1926 urar
638 1863 694 1926 der
716 1861 883 1942 librandae,
904 1861 1168 1940 fornimnrandes.
1217 1859 1280 1922 Sed
1305 1873 1381 1921 tunc
1404 1883 1468 1921 non
1493 1873 1568 1921 sunt
1591 1859 1645 1922 ad·

381 1967 512 2052 jectiva.
560 1965 634 2028 Vid.
659 1964 742 2026 infra
766 1963 805 2025 do
829 1963 1013 2046 Partioipio.

637 2225 666 2286 4.
715 2222 767 2284 De
791 2221 940 2306 Figura
963 2220 1146 2283 Nominis
1172 2183 1393 2304 Adjectivi.

471 2379 654 2443 Secundum
679 2399 774 2461 quam
799 2376 994 2460 adjectivum
1020 2390 1078 2452 est,
1102 2377 1153 2438 vel
1178 2377 1328 2462 simplex,
1350 2376 1402 2438 vel
1419 2378 1645 2462 compositum.

471 2483 660 2567 Simplex,
698 2495 732 2543 ut
751 2481 844 2562 poelli,
869 2481 949 2556 elale,
974 2481 1046 2554 oud,
1069 2481 1171 2550 sturlo.
1196 2487 1293 2556 stoor,
1307 2481 1444 2564 foqeliy,
1468 2482 1644 2561 alcodbelip,

378 2589 491 2670 flijb'y,
516 2585 849 2668 percantaretur,
874 2584 1061 2665 brunechtip
1085 2597 1145 2647 etc.
1456 2600 1457 2606 ’

471 2689 757 2774 Compositum,
791 2686 899 2770 idque,
936 2687 987 2748 vel
1020 2709 1061 2749 ex
1096 2687 1221 2750 duobus
1255 2687 1440 2750 nominibus
1464 2686 1644 2770 adjectivis,

383 2795 435 2856 vel
471 2816 513 2855 ex
544 2791 745 2854 substantivo
769 2803 801 2852 et
825 2789 997 2872 adjectivo,
1022 2791 1074 2852 vel
1098 2813 1140 2853 ex
1164 2791 1225 2853 alia
1248 2812 1327 2852 voce
1353 2803 1447 2874 atque
1472 2790 1643 2872 adjective.

471 2901 498 2960 l.
545 2897 596 2958 Ex
631 2894 756 2957 duobus
792 2893 972 2976 adjectivis,
1007 2905 1044 2956 ut
1078 2895 1290 2977 ldapmodlaiy,
1319 2895 1544 2978 spunkfo‘rdiq,
1572 2895 1644 2976 lady-

384 3003 516 3084 drupea,
542 2999 722 3081 ldttfci'rdly,
738 2997 914 3080 fyrltaatiq
938 3009 998 3060 etc.

388 3161 390 3166 .
471 3105 497 3169 2.
546 3102 596 3164 ux
632 3101 833 3163 substantivo
869 3112 901 3162 et
935 3100 1107 3183 adjectivo,
1141 3113 1178 3163 ut
1210 3101 1423 3185 qudsrucltti9‚
1452 3101 1642 3184 bootfdrdip,

383 3208 565 3279 heemtamd,
589 3205 776 3286 tallslaqin,
801 3205 949 3287 sorpsull,
972 3205 1108 3287 speefall
1130 3218 1204 3266 etc„

469 3313 497 3374 3.
545 3309 598 3371 Ex
629 3309 691 3370 alia
725 3329 803 3369 voce
840 3321 872 3368 et
895 3308 1067 3390 adjectivo,
1091 3321 1127 3370 ut
1149 3309 1372 3392 oswerpa'fwt'a,
1396 3309 1522 3392 oflzj'tip,
1546 3309 1643 3389 opud-

385 3415 499 3496 actttq,
522 3412 691 3494 efftevso'ltt,
716 3410 927 3484 bortslu'cltad
950 3411 1167 3494 caderyt'swia
1190 3424 1251 3475 etc.

472 3516 694 3600 Compositum
720 3536 847 3598 quoque
873 3527 920 3576 est
943 3513 1106 3576 interdum
1131 3537 1172 3576 ex
1198 3514 1301 3578 tribus
1325 3514 1469 3597 vocibus,
1498 3515 1642 3578 utoond·

383 3621 519 3702 wilaelt'q,
543 3619 760 3702 erforswarliy,
774 3617 999 3699 jorvttseeade
1021 3631 1082 3681 etc.

685 3877 714 3940 5.
761 3874 814 3936 De
838 3874 994 3938 Genere
1020 3876 1339 3960 Adjectivorum.

470 4029 597 4094 Genera
619 4027 868 4111 Adjectivorum
892 4039 966 4090 sunt
989 4030 1065 4094 tria:

470 4134 660 4214 Commune,
684 4143 844 4207 neutrum,
870 4154 975 4198 omne.

469 4235 696 4300 Communis
729 4235 888 4318 generis
924 4250 1010 4310 sunt,
1045 4261 1115 4322 quae
1144 4238 1203 4301 sub
1228 4262 1290 4301 una
1313 4236 1539 4300 terminatione
1563 4234 1639 4300 sub-

382 4341 529 4405 stantivis
553 4338 738 4402 masculinis
762 4361 798 4400 ac
821 4338 986 4402 femininis
1010 4343 1130 4424 pariter
1153 4343 1360 4405 conveniunt.

467 4444 498 4507 N
507 4442 670 4518 eutrius,
706 4465 775 4526 quae
809 4441 868 4504 sub
902 4444 1057 4526 peculiari
1081 4445 1307 4508 terminatione
1331 4444 1539 4508 substantivis
1563 4465 1642 4506 neu·

382 4549 461 4612 trius
486 4560 609 4610 tantum
633 4546 762 4631 generis
786 4546 998 4632 applicantur.

470 4651 604 4714 Omnis
627 4651 790 4735 generis
814 4666 898 4734 sunt,
923 4674 992 4736 quae
1016 4651 1074 4716 sub
1098 4674 1162 4715 una
1184 4653 1411 4716 terminatione
1428 4651 1641 4715 substantivis

382 4757 576 4836 masculinis,
600 4755 764 4820 femininis
787 4768 820 4819 et
843 4756 965 4820 neutris
989 4779 1077 4844 acque
1101 4757 1308 4822 conveniunt.
