3674 5694
727 497 772 558 De
797 499 993 577 fltymologia.
1451 501 1489 562 15

228 698 344 749 neutro
368 686 464 749 modo
487 683 672 750 flectuntur.
712 685 891 750 Flexibiles
912 687 945 748 in
963 686 1075 771 lingua
1096 687 1225 752 Suetica
1241 699 1315 751 aunt
1332 688 1490 772 quinque:

228 789 394 872 articulus,
417 813 546 866 nomen,
572 812 761 874 pronomen,
785 790 931 872 verbum,
955 791 1172 876 participium.

227 891 422 956 Flectuntur
445 907 553 957 autem

314 1019 373 1081 per
397 996 645 1061 declinationes:
669 998 834 1080 articulus,
858 1019 987 1080 nomen,
1010 1019 1200 1082 pronomen,
1224 998 1446 1084 participium

314 1123 372 1186 per
395 1102 655 1187 conjugationes;
680 1102 815 1164 verbum
840 1114 873 1164 et
897 1123 939 1163 ex
963 1115 1054 1186 parte
1078 1101 1175 1164 etiam
1199 1103 1417 1188 participium.

227 1203 428 1269 Inflexibiles
452 1218 528 1268 sunt
550 1219 703 1290 quatuor:

315 1309 516 1391 adverbium,
541 1309 736 1394 praepositio,
761 1311 957 1394 conjunctio,
981 1310 1175 1394 interjectio

227 1410 321 1475 Omni
346 1425 452 1474 autem
478 1413 613 1476 dictioni
636 1413 668 1476 in
693 1435 812 1498 genere
841 1413 990 1478 accidunt
1014 1413 1092 1478 duo:

313 1535 335 1580 1.
381 1515 553 1600 Species,
571 1517 749 1580 secundum
766 1539 860 1601 quam
875 1540 939 1578 vox
955 1540 1153 1602 quaecunque
1169 1531 1228 1596 est,
1246 1520 1298 1581 vel
1315 1519 1490 1603 primitiva,

226 1618 288 1682 hoc
322 1632 372 1682 est
406 1620 476 1704 ipsa
501 1620 602 1695 radix,
632 1643 689 1684 seu
723 1643 741 1681 a
776 1621 838 1682 alia
866 1642 945 1683 voce
969 1643 1033 1683 non
1058 1621 1211 1704 derivata,
1235 1623 1287 1685 vel
1312 1622 1491 1686 derivativa

226 1721 287 1786 hoc
310 1735 360 1786 est
382 1723 421 1786 ab
446 1723 507 1786 alia
533 1745 611 1787 voce
639 1724 745 1808 palam
769 1722 923 1786 derivata.
960 1724 1103 1802 Quorum
1128 1738 1337 1810 utrorumque
1355 1748 1491 1810 magnus

226 1838 275 1889 est
295 1848 449 1890 numerus
473 1827 505 1888 in
530 1827 641 1911 lingua
665 1827 805 1910 Suetioa,
829 1841 863 1890 et
885 1829 1036 1912 exempla
1063 1828 1148 1891 infra
1174 1851 1232 1892 suo
1256 1831 1328 1893 loco
1353 1829 1412 1894 sub
1427 1831 1490 1894 sin·

226 1929 312 2014 gulis
337 1931 491 1994 orationis
515 1931 660 2015 partibus
685 1931 832 2016 pluscula
856 1930 1062 1996 exhibentur.
1507 1919 1511 1924 ’

311 2051 346 2096 11.
396 2033 554 2118 Figura,
590 2034 768 2098 secundum
804 2057 898 2120 quam
933 2058 999 2096 vox
1029 2037 1150 2121 quaevis
1174 2049 1232 2112 est,
1257 2036 1310 2099 vel
1333 2036 1486 2120 simplex,

226 2159 283 2201 seu
319 2137 358 2202 ab
394 2137 465 2200 aliis
499 2137 634 2201 vocibus
668 2161 731 2201 non
756 2139 945 2223 composita,
976 2140 1029 2201 vel
1051 2140 1230 2224 composita
1253 2139 1292 2202 ab
1317 2140 1404 2214 aliis3
1429 2141 1488 2203 sub

225 2243 413 2328 compositis
448 2255 556 2305 autem
581 2241 677 2306 etiam
703 2241 942 2326 decomposita,
970 2254 1006 2305 ut
1027 2243 1229 2326 grammatici
1252 2257 1378 2326 vocant,
1403 2265 1488 2306 com-

227 2345 485 2432 prehenduntur.

310 2449 379 2512 NB.
427 2449 580 2528 Quamvis
615 2449 655 2511 de
678 2447 727 2512 his
751 2471 867 2512 vocum
892 2449 1120 2514 accedentibus
1143 2451 1189 2514 ita
1211 2450 1272 2514 hoc
1295 2452 1367 2514 looo
1390 2475 1487 2538 gene·

223 2553 335 2616 raliter
368 2565 521 2616 tractasse
550 2550 699 2616 sufficere
723 2563 843 2636 posset,
872 2563 980 2615 tamen
1003 2575 1065 2638 qua
1088 2553 1171 2617 forte
1196 2555 1343 2618 confusio
1367 2555 1488 2620 oriatur

223 2657 257 2719 in
281 2655 441 2742 exemplis
466 2655 695 2741 proponendis,
719 2658 760 2720 ob
784 2679 933 2740 magnam
956 2657 1145 2721 varietatem
1169 2681 1286 2722 vocum
1309 2659 1369 2722 hac
1391 2659 1424 2722 in
1442 2681 1487 2738 re,

224 2759 425 2824 commodius
454 2759 560 2823 visum
585 2759 644 2824 sub
668 2760 803 2846 singulis
827 2760 980 2842 orationis
1004 2761 1149 2846 partibus
1173 2762 1213 2826 de
1236 2763 1301 2826 illis
1326 2763 1487 2826 distinctis

223 2864 367 2928 tradere.

310 2967 459 3031 Partibus
493 2989 606 3030 verum
632 2967 785 3031 orationis
813 2966 1013 3032 flexibilibus
1036 2969 1069 3032 in
1094 2991 1213 3054 genere
1237 2970 1388 3034 accidunt
1411 2991 1486 3054 qua·

224 3083 313 3134 tuor:
338 3071 495 3156 analogia,
520 3071 689 3154 anomalia,
713 3071 876 3148 numerus,
901 3083 934 3134 et
957 3095 1103 3158 persona.

311 3175 514 3258 Analogia
538 3187 596 3257 est,
621 3197 693 3237 cum
715 3175 828 3260 regula
851 3176 1030 3240 communis
1054 3176 1151 3240 habet
1166 3178 1284 3241 locum.

310 3277 524 3340 Anomalia
547 3291 605 3362 est,
624 3301 697 3341 cum
720 3277 820 3340 flexio
837 3279 924 3342 vocis
949 3301 966 3342 a
989 3281 1102 3364 regula
1124 3281 1288 3344 communi
1312 3281 1345 3343 in
1369 3292 1484 3356 totum,

223 3381 276 3444 vel
311 3381 420 3466 aliquo
454 3383 567 3445 saltem
603 3367 749 3448 discedit.
797 3381 889 3460 Quod
925 3383 1043 3467 passim
1073 3385 1232 3470 contingit
1255 3397 1288 3447 et
1311 3383 1396 3447 infra
1419 3385 1484 3447 suis

224 3485 303 3549 locis
326 3485 529 3571 indigitetur.

308 3589 474 3654 Numeri
497 3602 572 3653 sunt
595 3589 669 3654 duo.

308 3693 375 3758 Sin
383 3693 565 3778 gularis,
585 3695 641 3778 qui
675 3694 714 3756 de
750 3717 814 3756 uno
838 3693 967 3772 dicitur,
990 3707 1026 3758 ut
1048 3695 1248 3774 rrtertru'sltr'u,⁸
1263 3698 1326 3782 jay
1350 3697 1485 3778 illalum

222 3796 295 3862 then
314 3817 383 3862 som
402 3803 481 3880 prim

306 3899 495 3980 Pluralis‚
518 3901 574 3986 qui
598 3901 638 3966 de
661 3902 810 3989 pluribus
833 3901 961 3981 dicitur,
986 3905 1253 3985 nenessitatem
1269 3907 1485 3988 wijdlslrom;

221 4003 271 4069 tlte
293 4025 362 4070 som
382 4009 483 4088 ydria·

306 4113 378 4171 Not.
425 4109 577 4188 Quaedam
611 4110 644 4173 in
679 4111 834 4196 singulari
857 4133 992 4174 numero
1016 4112 1257 4176 multitudinem
1289 4113 1483 4199 significant,

221 4225 257 4276 ut
281 4213 368 4296 solla,
391 4213 485 4291 brida,
518 4215 630 4290 staro,
664 4215 744 4298 boop
773 4229 833 4279 etc.
880 4215 963 4280 Item
994 4216 1052 4282 Ett
1080 4217 1205 4296 daseia,
1237 4219 1362 4294 mater,
1386 4219 1480 4301 tioyt,

106 4302 109 4307 ’
218 4317 314 4382 skorit
350 4329 410 4380 etc.
456 4318 541 4382 Item
571 4340 609 4384 ert
628 4320 716 4402 patrm
738 4319 917 4398 briatslroor,
941 4325 1009 4386 adm
1033 4333 1093 4384 etc.
1140 4320 1194 4384 Sic
1217 4322 1313 4385 etiam
1337 4343 1376 4386 en
1398 4324 1481 4387 stod-

217 4421 314 4504 9rirt9.
360 4421 411 4484 Ita
445 4422 542 4484 etiam
577 4444 679 4507 genus
713 4424 767 4486 vel
801 4423 942 4508 speciem
978 4423 1181 4488 denotantia:
1212 4437 1248 4487 ut
1268 4426 1481 4505 mertuisbr'art,

209 4525 329 4609 fislaca,
347 4525 474 4610 foyelrt,
499 4526 659 4608 boslcpen
692 4539 753 4590 etc.
806 4529 887 4591 Item
910 4528 1002 4604 aridii,
1026 4529 1111 4594 sarad
1133 4541 1194 4592 etc.
1217 4528 1347 4591 nomina
1370 4551 1482 4614 aggre-

219 4643 330 4714 gatum
360 4629 437 4714 quid
463 4630 657 4694 denotantia.
706 4631 772 4694 Sub
796 4631 914 4716 plurali
930 4653 1008 4694 vero
1023 4631 1164 4694 flexione
1181 4653 1249 4694 rem
1266 4655 1360 4695 unam
1384 4633 1481 4718 signi·

219 4735 361 4824 fleantia,
376 4735 434 4798 vix
450 4735 579 4798 credam
597 4736 663 4800 ulla
678 4735 826 4824 reperiri,
842 4735 904 4801 nisi
920 4736 976 4824 qui
991 4758 1086 4824 reges
1102 4748 1273 4825 usurpant:
1286 4739 1329 4803 wt'
1340 4759 1398 4826 pro
1408 4739 1480 4824 jay.
