3648 5696
381 515 440 573 116
708 512 757 573 Er.
782 513 935 574 Aurivillii
959 515 1155 576 Grammatico
1178 515 1315 576 Svecana.

463 696 533 762 NB.
579 694 642 760 sed
677 719 750 760 oum
786 696 948 782 antiquam
982 697 1071 762 illem
1109 695 1284 762 flexionem
1319 699 1352 762 in
1375 711 1503 762 vetusta
1525 697 1639 782 lingua

379 800 606 866 SueoGothica
638 813 813 886 receptam,
843 814 886 884 et,
920 823 992 864 cum
1027 802 1060 864 in
1096 801 1167 865 aliis
1189 803 1326 867 vetustis
1350 803 1487 888 scriptis,
1511 815 1577 864 tum
1602 801 1638 864 in

379 905 477 991 legib.
502 902 728 990 Sueogcthicis
752 905 903 990 antiquis,
926 905 1042 992 partim
1068 905 1258 986 mositatis,
1286 919 1518 982 occurrentem,
1546 928 1638 968 accu-

377 1009 476 1073 ratius
511 1031 624 1072 eruere
660 1031 695 1072 ac
727 1029 892 1094 exponere
917 1009 1045 1093 majoris
1068 1031 1174 1093 operae
1197 1009 1248 1086 sit,
1272 1033 1367 1096 quam
1391 1022 1427 1073 ut
1449 1031 1535 1072 nunc
1557 1031 1636 1094 prae·

376 1115 453 1178 stari
475 1125 588 1198 queat;
612 1112 754 1177 fortassis
778 1113 874 1176 etiam
899 1114 1004 1176 minus
1027 1113 1107 1175 utile
1132 1126 1187 1176 aut
1210 1113 1425 1177 necessarium
1442 1113 1475 1175 in
1492 1111 1540 1175 his
1557 1135 1634 1198 prae·

377 1217 481 1302 ceptis
513 1216 628 1279 fuerit:
663 1215 738 1279 ideo
773 1239 810 1279 ea
838 1216 871 1278 in
896 1238 1034 1301 praesens
1058 1216 1175 1280 omissa
1198 1216 1410 1280 recentiorem
1435 1228 1558 1279 tanturn
1582 1216 1635 1278 hic

377 1321 503 1385 tradere
527 1320 710 1404 satagimus.

461 1424 521 1488 Est
553 1437 661 1488 autem
687 1423 847 1488 recentior
869 1422 969 1486 flexio
992 1423 1054 1486 alia
1077 1423 1254 1486 secundum
1278 1446 1370 1486 usum
1395 1423 1427 1486 in
1452 1423 1482 1488 S.
1510 1422 1634 1502 Bibliis,

376 1529 510 1614 aliisque
544 1527 634 1591 libris
657 1527 821 1612 impressis
845 1527 1025 1612 scriptisve,
1049 1526 1105 1612 qui
1129 1527 1266 1590 eundem
1291 1542 1477 1612 sequuntur,
1502 1527 1563 1589 alia
1586 1548 1634 1589 se·

376 1633 516 1697 cundum
540 1631 646 1716 ipsum
669 1630 871 1694 hodiernum.

461 1736 528 1800 Ubi
551 1747 658 1798 cutem
682 1734 765 1798 inter
787 1733 884 1797 hosce
914 1756 989 1796 usus
1012 1733 1163 1808 notabilis
1187 1735 1294 1819 aliqua
1316 1733 1499 1810 differentia
1521 1731 1634 1795 flexio·

374 1842 424 1905 nis
459 1855 491 1904 et-
525 1841 557 1903 in
593 1839 738 1924 pluribus
774 1837 899 1902 casibus
934 1837 1198 1923 deprehenditur,
1223 1838 1389 1923 utriusque
1414 1837 1634 1922 paradigmata

374 1943 550 2008 exhibebo:
576 1943 630 2006 ubi
654 1966 730 2006 vero
753 1941 814 2006 hoc
837 1966 901 2006 non
925 1940 970 2016 fit,
989 1941 1175 2026 paradigma
1198 1964 1315 2026 ponam
1338 1941 1515 2004 secundum
1540 1962 1633 2002 usum

375 2049 546 2130 Biblicum,
579 2061 612 2110 et
645 2046 836 2110 hodiernum
872 2069 974 2121 usum,
1011 2046 1063 2108 vel
1092 2046 1152 2109 sub
1176 2045 1325 2109 cancellis
1349 2045 1390 2131 []
1413 2045 1466 2108 vel
1488 2043 1633 2128 generali

374 2152 598 2217 observatione
622 2151 681 2215 sub
701 2151 771 2236 ipso
795 2149 1014 2236 paradigmate
1038 2149 1226 2236 indigitabo.

556 2369 847 2456 Paradigmaba
870 2371 1156 2437 Pronominum
1181 2370 1448 2454 Simplicium.

754 2496 781 2556 1.
828 2493 1253 2564 Demonstrativorum.

374 2619 571 2705 Sing..1a9t
692 2613 984 2700 Τα[1)α]Ηαα
1121 2613 1195 2679 Ηαα
1337 2613 1413 2677 Tbet
1435 2636 1492 2676 seu
1516 2611 1605 2676 Βᾶθι

373 2723 467 2786 Nom.
484 2722 577 2805 japb,
593 2723 656 2804 jay
688 2723 723 2782 ta
746 2717 818 2803 [du]
903 2719 969 2783 hcm
1120 2718 1182 2782 boc
1334 2717 1396 2781 rtet
1419 2715 1525 2802 [dett]

374 2827 453 2891 Gen.
478 2837 565 2888 caret
689 2833 777 2884 caret
904 2821 986 2886 bans
1120 2820 1243 2886 ledones
1335 2819 1420 2884 thess
1443 2818 1552 2906 [dites]

375 2930 445 2992 Dat.
469 2928 565 3010 ariph,
587 2927 651 3009 mip
688 2925 733 3005 αθ
757 2921 843 3008 [clip]
903 2924 1016 2988 honora
1119 2924 1223 2989 idam
1336 2923 1407 2986 sim.
1430 2945 1517 2986 nom.
1540 2923 1581 3006 dp

372 3035 450 3094 Acc.
475 3027 569 3111 mich,
591 3030 655 3110 mip
688 3028 733 3108 αθ
756 3024 842 3112 [dep]
903 3025 1015 3091 bosom
1119 3025 1223 3090 bdaae
1336 3025 1405 3088 sim.
1430 3049 1515 3089 nom.

374 3133 451 3198 Voo.
478 3143 565 3195 caret
687 3135 761 3193 otu
785 3127 857 3214 [du]
904 3139 991 3190 caret
1120 3140 1207 3191 caret
1335 3139 1422 3190 caret

373 3233 669 3317 Abl.affmi9b,mip
687 3233 738 3314 αθ
753 3234 808 3313 bip,
831 3233 885 3314 dip
903 3231 954 3312 αθ
971 3230 1084 3294 honora
1119 3230 1164 3312 αθ
1186 3229 1290 3294 bdnac
1333 3231 1380 3312 αθ
1401 3230 1463 3294 tter
1487 3227 1591 3314 [deth]

456 3390 544 3454 Plur.
1229 3397 1310 3452 Maso.
1416 3399 1517 3454 Femin.
1535 3397 1615 3452 Neut.

371 3493 466 3557 Nom.
490 3491 547 3572 αθ
781 3489 805 3553 1
1138 3484 1186 3550 ibe
1210 3484 1296 3573 [dhe]
1428 3487 1510 3540 Plane
1538 3485 1621 3540 Plane

371 3595 409 3659 G.
427 3594 486 3657 loc.
507 3615 580 3678 gen.
601 3615 685 3678 poss.
697 3593 767 3657 andr
780 3593 840 3655 loc.
855 3612 927 3676 gen.
943 3610 1025 3672 poss.
1035 3588 1128 3652 edber
1137 3587 1247 3653 iberas
1423 3575 1509 3628 simile
1532 3573 1619 3626 ⁸i¹1¹i¹0

655 3731 657 3736 ·
780 3694 873 3760 nn
1139 3688 1219 3754 m
1242 3688 1348 3776 [αα
1415 3676 1628 3804 mm

371 3805 450 3862 Ace.
474 3817 528 3862 oss
676 3839 682 3847 -
778 3797 872 3862 edber
1138 3793 1219 3857 them
1242 3792 1354 3878 [ddm]

369 3901 451 3966 Voo.
475 3915 563 3964 caret
780 3921 797 3965 o
823 3898 847 3963 I
1139 3908 1227 3958 caret

370 4004 445 4068 Abl.
469 4004 520 4087 αθ
537 4023 591 4068 oss
781 4003 833 4085 αθ
852 3999 945 4065 edher
1141 3998 1192 4081 αθ
1202 3997 1283 4063 thern
1302 3994 1407 4082 [ddm]

368 4153 783 4245 Sing.1'}tcano‚Ddono.
920 4153 1040 4231 werra,
1066 4151 1180 4218 Deera.
1298 4149 1375 4215 Hic.
1494 4144 1585 4211 Hirti.

447 4261 583 4315 Masculin.
602 4262 630 4313 et
647 4257 748 4312 Femin.
976 4254 1114 4308 Neutrum.
1254 4251 1344 4315 Maec,
1356 4251 1430 4306 Fem.
1467 4250 1605 4306 Neutrum.

366 4348 461 4412 Nom.
486 4347 637 4430 ίαεαααῑ)
662 4343 801 4430 [wana]
849 4342 947 4408 ttetta
970 4339 1091 4428 [detta]
1298 4341 1354 4405 bia
1493 4339 1562 4403 atat

366 4449 447 4515 Gen.
470 4450 634 4532 ίαααααεῖ)
657 4445 815 4534 [ddaacs]
850 4445 919 4508 sim.
944 4467 1029 4510 nom.
1299 4444 1374 4509 hias
1494 4441 1582 4506 hints

437 4591 457 4657 ¹)
475 4594 534 4641 Act.
556 4595 578 4641 1:
598 4607 622 4641 v.
647 4595 674 4639 11
697 4585 791 4639 menae
807 4583 894 4638 Jeam.

434 4675 457 4740 ²)
477 4679 596 4729 Seorsim
615 4679 754 4744 genitivus
774 4675 878 4726 desinit
896 4673 925 4722 in
943 4685 964 4736 a,
984 4671 1033 4722 sed
1053 4686 1114 4722 cum
1133 4671 1308 4722 substent-iro
1328 4687 1383 4722 non
1405 4675 1416 4721 l
1437 4671 1500 4733 aeg.
1521 4672 1544 4720 ³:
1557 4687 1581 4720 v.
1597 4673 1630 4720 19

362 4765 460 4820 thenon
477 4767 633 4832 quianoaes.
