3648 5696
277 563 280 569 ,
373 499 412 558 82
703 499 751 560 Er.
776 500 927 558 Aurivillii
952 499 1147 559 Grummuliua
1171 501 1308 560 Svecuuu.

442 680 533 736 Pluuio
552 683 702 753 Antiquior.
850 684 998 738 Recentior.
1102 683 1193 738 Flexio
1212 684 1360 754 Antiquior.
1442 681 1591 738 Recentior.

461 769 549 832 Plur.
1182 772 1267 836 Plur.

374 873 468 936 Nom.
491 874 661 956 qulburuu
807 875 975 956 yubburua
1095 875 1257 940 bbuderua
1401 875 1562 939 liuderuu

374 974 454 1039 Gen.
479 977 663 1058 quibamus
806 979 992 1059 yubburuas
1096 978 1274 1044 uulzueruas
1401 978 1580 1042 bbuderuus

374 1079 458 1156 Dau,
483 1079 559 1142 Abl.
581 1080 756 1162 yubbomuu
809 1080 879 1142 sim.
903 1102 989 1143 nom.
1096 1081 1265 1146 boudomeu
1402 1081 1472 1143 sim.
1497 1102 1581 1142 nom.

375 1186 450 1244 Ace.
475 1181 544 1244 sim.
569 1205 653 1244 nom.
810 1184 879 1246 sim.
904 1205 988 1245 nom.
1097 1182 1167 1246 sim.
1191 1206 1275 1245 nom.
1402 1183 1471 1246 sim.
1497 1205 1581 1244 nom.

460 1338 527 1402 NB.
575 1339 746 1402 Recentior
770 1340 870 1402 flexio
889 1341 921 1402 in
948 1341 1073 1424 vulgari
1097 1363 1254 1416 sermone,
1278 1364 1336 1426 pro
1360 1363 1445 1404 nom.
1461 1341 1541 1425 plur.
1555 1342 1634 1421 qub-

373 1445 477 1507 buruu
500 1443 579 1505 dicit
597 1445 780 1525 qubbcu‘uoe
809 1468 866 1528 pro
890 1446 1060 1526 hludarius,
1084 1444 1163 1508 dicit.
1186 1447 1348 1510 bundorum
1397 1449 1504 1528 Atque
1529 1445 1575 1506 siu
1599 1444 1631 1504 in

373 1548 496 1610 caeteris
520 1547 688 1610 similibus.

458 1669 532 1732 Not.
568 1689 602 1732 11.
647 1669 837 1732 Desinentiu
871 1669 903 1730 in
938 1690 995 1733 ure
1023 1669 1054 1732 in
1079 1669 1182 1732 formu
1206 1671 1351 1732 absoluta
1375 1685 1448 1732 sunt
1475 1669 1632 1742 anomala,

372 1773 423 1835 hic
456 1795 533 1835 vero
568 1773 759 1856 regulariter
792 1771 975 1835 flectuntur.
1022 1772 1075 1836 Sic
1105 1775 1200 1836 etium
1236 1775 1380 1858 quaedam
1404 1775 1435 1836 in
1460 1795 1477 1838 ο
1501 1787 1576 1855 ety
1601 1786 1635 1834 et

372 1876 513 1942 &finit-u.
1467 1880 1472 1896 ⁴

460 2069 497 2130 ln
522 2089 587 2131 ure.
787 2081 790 2086 '
1190 2069 1226 2131 In
1250 2091 1315 2134 ure.

461 2169 550 2254 Sing.
644 2157 646 2162 ¹
1187 2171 1275 2234 Plur.
1603 2255 1606 2262 Ι

374 2275 469 2337 Nom.
493 2275 643 2336 tiduureu
809 2278 959 2340 liuuureu
1101 2278 1273 2340 tlduureuu
1401 2275 1575 2337 tlu'u'uureuu

373 2375 454 2439 Gen.
479 2377 646 2439 uiduareus
808 2381 976 2442 tiuuureuu
1101 2381 1291 2442 tic'u'uureuus
1400 2377 1591 2440 liciuureuus

375 2478 458 2560 Dau,
479 2477 554 2540 Abl.
573 2480 772 2542 liduureuum
809 2478 880 2542 sim.
906 2503 989 2544 nom.
1100 2483 1300 2546 tiduuromeu
1401 2478 1469 2540 sim.
1496 2501 1581 2541 nom.

375 2583 452 2643 Ace.
476 2579 544 2643 sim.
569 2603 654 2642 nom.
809 2582 878 2644 sim.
905 2605 989 2645 nom.
1100 2582 1170 2644 sim.
1195 2605 1280 2644 nom.
1402 2579 1471 2642 sim.
1496 2602 1584 2642 nom.

461 2768 499 2830 ln
523 2789 549 2833 o.
1187 2767 1224 2830 In
1247 2769 1274 2850 ij
1296 2772 1367 2832 eiu.

460 2871 548 2956 Sing.
1188 2869 1277 2954 Sing.

374 2973 468 3036 Nom.
492 2993 584 3036 moon
809 3001 899 3044 moon
1101 2973 1212 3056 slusyu,
1236 2977 1294 3038 ὂόπ
1401 2975 1503 3058 sluyyu
1601 2965 1604 2970 ’

374 3075 454 3139 Gen.
478 3095 587 3139 mouns
809 3102 918 3146 mouns
1100 3077 1229 3160 slsum,
1254 3080 1330 3140 uuus
1400 3078 1521 3161 skuuus

376 3178 459 3254 Dat„
483 3177 559 3239 Abl.
583 3196 724 3241 munuum
810 3184 880 3245 sim.
904 3207 990 3246 nom.
1100 3178 1232 3260 skyuom
1401 3182 1471 3244 sim.
1495 3203 1582 3245 nom.

373 3282 491 3342 Aecus.
516 3277 585 3341 sim.
610 3300 695 3341 nom.
810 3285 880 3348 sim.
904 3309 989 3348 nom.
1101 3281 1171 3344 sim.
1196 3303 1281 3343 nom.
1400 3283 1469 3345 sim.
1494 3305 1580 3345 nom.

459 3408 545 3472 Plur.
1186 3401 1273 3464 Plur.

372 3511 467 3574 Nom.
492 3531 627 3577 mourua
809 3532 944 3576 mourua
1099 3506 1386 3588 suyarnauljarua
1401 3505 1546 3586 skyaruu

373 3613 455 3677 Gen.
477 3634 631 3679 mouruus
807 3633 961 3678 mouruus
1098 3611 1269 3694 skyaruus,
1293 3631 1355 3674 uas
1399 3605 1561 3689 susumus

374 3716 458 3798 Dan,
482 3716 558 3780 Abl.
583 3737 723 3781 moomeu
808 3717 878 3782 sim.
904 3738 989 3780 nom.
1099 3710 1470 3795 slyomeu,6ijomeusim.
1494 3732 1581 3773 nom.

375 3821 453 3881 Ace.
477 3817 547 3882 sim.
572 3841 657 3882 nom.
809 3818 878 3883 sim.
903 3841 988 3880 nom.
1100 3817 1170 3880 sim.
1194 3838 1280 3879 nom.
1402 3813 1471 3876 sim.
1495 3835 1582 3876 nom.

815 4109 845 4172 2.
892 4055 1185 4190 Parauigmat'a

849 4265 1155 4327 Femininorum.

457 4422 527 4487 NB.
573 4421 655 4485 Cum
678 4418 731 4483 hic
755 4419 866 4482 eudem
891 4420 986 4505 plane
1010 4419 1051 4481 sit
1072 4418 1181 4494 fisum,
1206 4440 1275 4503 quae
1298 4418 1331 4481 in
1354 4417 1552 4501 masculinis,
1577 4441 1635 4482 ex·

371 4540 467 4612 cepto
501 4527 570 4590 solo
605 4525 668 4588 dut.
705 4539 737 4586 et
771 4524 910 4587 ablativo
934 4523 1026 4606 sing.²
1049 4522 1159 4607 quiin
1183 4521 1348 4584 femininis
1371 4522 1523 4585 desinunt
1547 4522 1582 4584 in
1606 4546 1634 4587 e.

314 4603 328 4614 “
373 4629 436 4712 sic,
470 4631 598 4696 uonna.
634 4627 717 4690 Heu.
753 4632 782 4692 u:
815 4651 844 4692 v.
871 4629 921 4712 13,
944 4627 1039 4689 uum.
1068 4628 1115 4690 19:
1140 4630 1169 4703 u,
1197 4627 1245 4690 10.
1293 4630 1371 4691 nec.
1395 4626 1509 4708 soona,
1534 4626 1635 4692 Num.

373 4733 423 4796 19:
439 4755 469 4797 v.
489 4736 519 4818 5,
536 4735 628 4798 6etc.
