3674 5694
695 495 742 555 llr.
767 495 919 556 Aurivillii
945 497 1143 558 Grammatico
1166 499 1303 558 Sveoana.

451 679 489 742 In
513 681 544 744 ἅ.
1176 683 1213 745 ln
1236 689 1267 748 ἄ.

434 780 525 835 Flexio
543 779 691 850 Antiquior.
840 783 989 838 Recentior.
1094 781 1185 838 Florio
1203 783 1353 855 Antiquior.
1432 787 1580 840 Recentior,

451 868 541 952 Sing.
1176 871 1265 957 Sing.

364 970 459 1033 Nom.
484 976 525 1034 etl
547 971 640 1036 stret
797 974 893 1037 attrivi
1089 979 1130 1038 ea
1153 974 1240 1038 Ιιηᾶᾶ
1387 977 1475 1040 tadei

364 1071 445 1135 Gen.
470 1074 581 1138 stratos
797 1074 912 1137 stratos
1088 1076 1193 1142 leodos
1386 1078 1492 1142 tactos

365 1175 538 1258 Dat.,Abl.
563 1175 632 1237 sim.
657 1197 742 1236 nom.
797 1175 867 1236 sim.
892 1199 976 1238 nom.
1089 1181 1158 1243 sim.
1183 1203 1267 1243 nom.
1386 1181 1456 1242 sim.
1482 1203 1567 1242 nom.

364 1277 548 1350 Aoo.‚l⁷oo.
581 1277 651 1339 sim.
676 1300 760 1339 nom.
796 1277 867 1341 sim.
891 1301 976 1340 nom.
1088 1282 1158 1345 sim.
1183 1307 1268 1345 nom.
1386 1281 1456 1342 sim.
1482 1303 1567 1342 nom.

452 1401 536 1463 Plur.
1175 1404 1259 1465 Plur.

363 1502 457 1564 Nom,
482 1504 599 1566 otrctcla
795 1505 912 1568 stricta
1087 1506 1195 1569 larido
1384 1502 1495 1565 hadita

362 1602 442 1667 Gen.
468 1606 601 1669 stratos
795 1606 928 1669 strateius
1086 1608 1213 1671 taraone
1384 1604 1511 1668 latitas

361 1705 443 1780 Dat,
469 1707 545 1771 Abl.
568 1709 695 1771 stadim
795 1707 865 1769 sim.
890 1731 975 1770 nom.
1085 1709 1205 1778 lavicina
1385 1706 1454 1767 sim.
1480 1727 1564 1766 nom.

362 1811 450 1885 Aoo„
474 1809 552 1871 Voo.
578 1809 648 1871 sim.
672 1831 757 1870 nom.
795 1809 866 1871 sim.
890 1832 975 1871 nom.
1086 1812 1156 1874 sim.
1182 1837 1267 1875 nom.
1384 1808 1454 1868 sim.
1480 1829 1564 1867 nom.

447 2000 485 2062 ln
509 2006 537 2066 ὃ.
1171 2003 1210 2066 ln
1233 2008 1261 2068 ὃ.

447 2103 537 2188 Sing.
1171 2104 1258 2167 Plur.

359 2206 453 2269 Nom.
478 2213 520 2272 eat
534 2209 615 2291 frob
784 2207 864 2289 froo'
1074 2209 1178 2290 froila
1376 2206 1475 2284 srton

357 2308 437 2372 Gen.
454 2311 552 2392 fabiis
783 2311 881 2392 froila
1075 2311 1196 2392 fretas
1371 2309 1493 2391 froilas

358 2411 532 2486 Dat.,Abl·.
558 2411 627 2473 sim.
651 2433 737 2472 nom.
792 2411 862 2474 sim.
886 2434 971 2476 nom.
1073 2414 1185 2495 stillim
1381 2410 1450 2472 sim.
1475 2432 1561 2471 nom.

356 2513 541 2586 Aoc.‚Voc.
566 2514 636 2577 sim.
669 2536 754 2575 nom.
791 2513 861 2576 sim.
886 2536 971 2576 nom.
1083 2515 1154 2578 sim.
1178 2537 1263 2577 nom.
1381 2512 1451 2575 sim.
1476 2535 1562 2574 nom.

883 2753 1083 2816 Anomala.

439 2907 591 2987 Qnaedam
626 2919 750 2989 neutra,
773 2908 806 2970 in
829 2930 851 2972 α
880 2908 1070 2982 desinentia,
1094 2931 1157 2970 non
1180 2907 1321 2969 formant
1343 2929 1427 2970 nom.
1452 2907 1612 2991 pluralem

352 3013 554 3096 regulariter,
579 3010 689 3073 addito
713 3024 837 3073 tantum
861 3011 945 3075 aad
970 3012 1203 3074 nominativum
1228 3011 1320 3094 sing,
1345 3010 1401 3072 sed
1424 3032 1446 3074 a
1469 3011 1613 3073 nomina-

351 3117 411 3178 tivi
434 3116 515 3199 sing.
542 3127 668 3176 mutant
690 3117 722 3174 in
750 3135 777 3190 o,
802 3127 837 3176 nt
859 3119 928 3197 oya,
953 3116 997 3200 pl.
1021 3120 1117 3197 lipom
1139 3119 1208 3192 tvo,
1233 3114 1275 3197 pl.
1299 3117 1386 3177 oron.

438 3218 602 3297 Quaedam,
615 3217 758 3280 dativum
784 3218 940 3302 pluralem
963 3219 1155 3303 regulariter
1179 3217 1348 3279 formantia
1372 3217 1404 3278 in
1427 3239 1487 3300 om,
1508 3220 1610 3281 iante

350 3344 400 3388 om
423 3323 644 3406 interponunt,
669 3334 705 3382 ut
727 3321 842 3403 algoto,
867 3321 930 3385 dat.
953 3323 1105 3406 styeltiom
1127 3321 1203 3385 Joh.
1228 3322 1257 3395 6,
1281 3344 1310 3383 v.
1336 3323 1385 3384 12.

835 3579 928 3643 Sexto
952 3581 1121 3645 Deelinatlo

777 3733 927 3795 Formae
961 3732 1178 3796 Absolutae.

436 3884 643 3962 Neutrorum,
668 3885 885 3950 desinentium
908 3888 940 3949 in
965 3910 1188 3974 quamcunque
1212 3901 1451 3972 consonantem,
1475 3910 1612 3974 quorum

350 3992 568 4055 nominativus
604 3993 686 4076 plur.
723 3991 806 4054 nihil
838 3991 990 4066 flectitur,
1028 3992 1085 4054 sed
1119 4008 1228 4056 manet
1261 3993 1375 4056 similis
1409 3993 1611 4056 nominativo

349 4095 517 4180 singulari.

432 4199 594 4262 Desinunt
629 4211 734 4263 autem
764 4197 1340 4283 inbdsylolmnprsta.
1387 4200 1611 4266 Naminch

350 4315 383 4366 et
415 4326 434 4387 q
464 4304 589 4368 nullum
614 4303 742 4378 desinit,
767 4304 799 4365 in
821 4325 843 4368 x
868 4325 943 4365 vero
967 4303 1091 4365 nullum
1114 4303 1317 4366 declinabile.

437 4407 607 4472 Genitivus
631 4407 801 4491 singularis
825 4407 982 4470 formatur
1005 4407 1206 4491 regulariter,
1229 4407 1355 4490 adjecto
1379 4419 1504 4471 tantum
1528 4429 1545 4471 s
1569 4408 1609 4472 ad

352 4512 586 4574 nominativum
611 4511 815 4594 singularem.

437 4615 572 4680 Dativus
597 4629 629 4677 et
653 4613 810 4676 ablativus
835 4613 1018 4697 singularis,
1042 4616 1074 4676 in
1098 4613 1342 4699 quibuscunque
1365 4614 1499 4678 vocibus
1534 4611 1610 4678 fiee·

345 4729 468 4800 tuntur,
491 4720 644 4783 desinunt
677 4719 710 4781 in
744 4740 769 4784 e.
816 4717 869 4782 Sie
892 4717 1032 4781 occurrit
1054 4739 1138 4804 saepe
1161 4718 1195 4781 in
1219 4717 1249 4782 S.
1274 4719 1401 4804 Bibliis,
1424 4722 1490 4785 tino
1503 4719 1609 4808 sollte,
