3648 5696
558 481 601 540 De
626 481 729 538 Verbis
753 481 970 539 Auxilieribus:
1002 479 1122 540 Warda.
1413 481 1474 540 135

297 665 372 729 Not.
419 665 531 728 Potest
552 665 614 728 hoc
637 664 768 750 imperf.
794 686 864 728 esse
887 664 992 750 prius;
1016 665 1173 728 alternum
1198 663 1292 748 illud,
1308 665 1394 751 quod
1418 687 1474 728 ex-

212 769 406 854 positionem
430 770 521 854 qussi
544 769 639 854 hujus
663 769 818 845 eontinet,
842 790 911 832 esse
935 770 1104 853 posterius.

296 873 421 937 Poteris
443 874 540 937 etiam
565 871 819 958 plusquamperf.
845 873 936 957 poni:
953 875 1017 957 jay
1039 875 1134 938 mciiie
1157 885 1212 937 aut
1234 874 1337 939 skuile
1363 874 1473 953 imfwa

210 979 316 1061 ware,
339 977 436 1040 hodie
471 977 568 1041 etiarn
592 977 846 1042 usitatissimum.
893 977 947 1041 Sic
969 997 1096 1063 quoque
1118 977 1349 1063 interrogative
1371 977 1475 1043 skulle

207 1081 294 1162 qudi
316 1080 428 1166 haswe
449 1080 549 1164 sagit?

737 1252 937 1317 Futurum.

297 1372 378 1437 Cum
402 1373 516 1460 partic.
541 1395 614 1460 pag.
640 1372 699 1436 131
724 1372 903 1437 recensitis.

298 1476 388 1562 Sing.
928 1476 1014 1542 Plur.
1061 1477 1144 1540 Item
1168 1482 1224 1556 arr,
1242 1479 1291 1559 pei
1312 1479 1392 1544 dhet.

214 1582 243 1643 l.
267 1579 355 1663 ‚lays
377 1579 481 1646 sirtille
502 1601 595 1646 wara
849 1578 916 1661 Wij
938 1579 1041 1645 simile
1063 1602 1156 1645 wara

210 1683 240 1744 2.
268 1681 316 1746 Tre
337 1681 441 1748 sicelio
462 1703 556 1748 wara
844 1681 869 1746 l
886 1682 989 1748 sirtille
1010 1703 1103 1748 wara

211 1785 240 1848 3.
265 1783 346 1849 Han
367 1784 471 1850 sirtille
492 1788 586 1848 wa'ra
849 1783 912 1849 Tre
934 1785 1037 1852 skulle
1059 1807 1152 1852 wara

296 1903 370 1971 Not.
417 1900 595 1968 Considera
629 1913 748 1985 temen,
772 1924 812 1964 en
845 1901 907 1966 hoe
944 1903 986 1968 sit
1019 1905 1150 1990 proprie
1185 1905 1342 1968 futurum.
1388 1903 1472 1967 Nem

209 2006 355 2070 futurum
380 2005 568 2093 suppeditet
590 2027 728 2090 sequens
748 2004 837 2069 verb.
862 2007 961 2070 auxil.
983 2007 1109 2074 warde.

712 2225 969 2311 Infinitirus.

296 2367 441 2432 Praesens
465 2379 498 2432 et
521 2368 649 2453 imperf.
672 2389 783 2448 wara,·
805 2373 853 2433 ait
874 2388 976 2433 wara.

296 2471 482 2536 Perfectum
506 2485 539 2534 et
562 2471 817 2558 plusquamperf.
842 2477 889 2536 aii
910 2471 1021 2554 hafwa
1042 2472 1148 2536 warii.

297 2576 456 2639 Futurum
479 2581 526 2640 att
548 2576 641 2640 siwia
662 2597 764 2641 wara.

297 2676 462 2741 Gerundie
484 2677 535 2742 till
557 2684 604 2744 att
625 2699 728 2761 wara,
752 2675 853 2760 medie,
876 2678 999 2759 ineram
1020 2675 1183 2740 warande.

704 2931 983 3016 Perticipium.

297 3055 441 3118 Praesens
463 3053 634 3119 warandes
656 3052 710 3115 vel
732 3052 895 3117 warnere.

298 3158 458 3222 Futurum
481 3158 554 3222 then
575 3179 644 3223 som
666 3157 740 3222 skal
760 3177 863 3221 wara.

297 3261 372 3325 Not.
418 3261 492 3325 Non
515 3259 635 3324 formes
657 3282 699 3323 ex
726 3281 760 3323 se
783 3258 957 3344 passivum,
981 3271 1134 3322 neutrum
1158 3259 1245 3323 enim
1269 3269 1329 3322 est.

667 3549 727 3614 111.
774 3547 873 3614 Verbi
895 3549 1018 3614 warde.

298 3708 366 3772 NB.
410 3708 484 3771 Hoc
506 3707 651 3784 verbum,
665 3705 811 3792 quamvis
835 3725 894 3768 sus
915 3715 1030 3768 natura
1052 3703 1209 3780 futurum,
1222 3701 1300 3786 quid
1315 3701 1477 3785 designet,

213 3827 320 3875 temen
353 3811 562 3897 grammatice
595 3812 628 3874 in
657 3809 807 3896 praerenti
830 3831 958 3896 quoque
982 3820 1016 3872 et
1037 3807 1201 3892 praeterito
1224 3817 1372 3891 tempore
1396 3805 1475 3869 flec-

212 3917 306 3991 titur3
331 3916 426 4001 plane
450 3927 486 3978 ut
509 3914 595 4000 apud
617 3915 763 3996 Latinos,
786 3913 855 3992 fio,
877 3912 895 3975 f
899 3924 1011 3976 actus
1034 3934 1128 3975 sum.

717 4173 977 4238 Indieetivus

748 4294 940 4358 Praesens.

301 4413 389 4499 Sing.
932 4412 1021 4479 Plur.

215 4517 243 4580 1.
266 4514 333 4599 Jaq
355 4515 483 4582 werder
852 4516 919 4601 err‘
941 4519 1083 4584 wardom
1106 4515 1249 4602 (warde)

214 4621 244 4683 2.
272 4619 320 4683 Tu
341 4619 468 4684 warder
848 4618 873 4684 I
889 4621 1022 4685 werden

214 4723 245 4790 3.
269 4719 348 4792 Han
369 4721 497 4792 warder
849 4721 913 4800 lire
935 4723 1049 4800 warde
