3648 5696
677 429 724 488 Er.
750 430 901 488 Aurivillii
926 431 1121 490 Grammatioa
1145 433 1282 491 Sveoana.

427 613 495 676 NB.
543 613 711 676 Interdum
746 615 908 700 genitivus
943 616 1023 700 sing.
1060 616 1238 701 interponit
1260 640 1286 692 8,
1311 631 1347 682 ut
1369 639 1520 684 mausum
1544 640 1605 702 pro

342 737 498 782 manneus
521 730 581 780 etc.
628 719 703 780 Vid.
731 741 799 802 sup.
825 741 897 804 pag.
922 722 972 783 74.

428 821 497 886 NB.
520 843 554 886 11.
601 824 637 888 In
662 846 747 885 ηοω.
774 823 855 906 plur.
880 824 1010 907 antique
1035 847 1117 908 saepe
1142 825 1301 888 omittitur
1318 848 1344 901 r,
1359 840 1395 886 ut
1410 826 1527 890 delaua
1544 848 1604 909 pro

343 926 480 990 delarue
514 949 540 988 ο.
574 929 594 988 4
629 926 725 1010 Ting.
759 927 826 991 LL.
851 938 923 1004 etc„
947 927 1087 994 hoctuna
1116 929 1194 992 Lev.
1228 930 1276 992 lu:
1302 953 1329 990 ν.
1357 932 1387 1006 7,
1414 931 1444 1006 8,
1459 930 1605 1013 foyluuu

346 1027 427 1091 Gen.
454 1031 482 1091 7:
508 1029 536 1092 3.

792 1241 823 1306 2.
867 1239 1163 1323 Paradigmuta

783 1436 789 1448 ·
820 1397 1126 1464 Femininorum.

434 1548 471 1610 Ιη
495 1555 523 1612 d.
1152 1556 1190 1618 In
1235 1607 1240 1618 .

416 1650 507 1704 Flexio
527 1649 674 1719 Antiquior.
821 1651 970 1706 Recentior.
1065 1657 1156 1710 Flexio
1185 1583 1335 1726 Aiitiquior.
1412 1657 1564 1711 Recentior.

434 1736 523 1821 sing.
1154 1743 1241 1830 sing.

347 1839 440 1902 Nom.
466 1841 621 1906 strandoe
781 1844 936 1908 struudeu
1067 1848 1181 1929 iuyheu
1373 1849 1488 1930 luyteu

347 1939 427 2003 Gen.
452 1943 624 2006 strandeus
641 1940 745 2024 (eues)
781 1945 952 2010 stanneus
1066 1949 1207 2030 laqueus,
1232 1972 1304 2014 sens
1373 1951 1516 2032 inuitem,
1531 1970 1609 2014 sens

347 2044 432 2122 Dat,
458 2043 533 2107 Abl.
556 2043 726 2107 strandette
780 2047 851 2110 sim.
878 2070 962 2111 nom.
1067 2053 1198 2134 laqhene
1373 2053 1442 2115 sim.
1469 2075 1556 2116 nom.

348 2150 426 2209 Ace.
452 2146 521 2209 sim.
546 2167 631 2207 nom.
781 2149 851 2212 sim.
876 2173 961 2213 ηοω.
1067 2153 1136 2216 sim.
1161 2177 1247 2218 nom.
1373 2155 1443 2217 sim.
1470 2177 1556 2218 ηοω.

433 2267 521 2330 Plur.
1153 2275 1239 2338 Plur.

347 2370 440 2432 Nom.
466 2370 665 2434 strandaruu
781 2376 983 2440 struuduruu
1067 2378 1228 2459 lauterna
1374 2376 1535 2458 lauturuu

348 2471 428 2535 Gen.
453 2473 671 2536 stranduruas
781 2479 1000 2541 strandaruus
1067 2480 1243 2562 Iuyharuus
1373 2477 1554 2559 lufflhuruas

348 2575 431 2650 Dat,
450 2573 745 2638 Abtstruudomeu
781 2581 851 2642 sim.
877 2601 962 2641 ηοω.
1067 2582 1336 2664 ἰαρηοωεη,ηωηή
1372 2580 1442 2642 sim.
1468 2603 1555 2642 ηοω.

349 2681 427 2740 Αοο.
453 2677 522 2739 sim.
547 2698 633 2739 nom.
781 2683 852 2744 sim.
877 2704 961 2744 ηοω.
1068 2686 1137 2748 sim.
1163 2708 1248 2748 nom.
1373 2681 1443 2744 sim.
1469 2704 1555 2744 ηοω.

433 2872 470 2934 Ιη
495 2871 523 2934 It.
1152 2877 1190 2939 In
1214 2875 1234 2938 l.

354 2967 375 2988 '
435 2973 522 3057 Sing.
1154 2976 1242 3060 Sing.

347 3077 441 3139 Nom.
466 3075 578 3139 walnen
783 3076 895 3140 wulteu
1067 3081 1170 3144 sitien
1374 3077 1479 3141 sicileu

348 3179 427 3241 Gen.
452 3177 581 3242 teuteus
604 3177 706 3258 (ωηο)
780 3178 909 3241 wulceus
1068 3183 1188 3246 sic'i'leus
1210 3181 1313 3264 (enee)
1372 3180 1505 3253 seuleus,
1533 3200 1608 3242 ones

348 3280 431 3351 Dat,
458 3277 532 3339 Abl.
557 3277 686 3341 wakeue
782 3279 852 3340 sim.
878 3301 962 3339 nom.
1068 3283 1188 3346 sicileue
1372 3282 1442 3344 sim.
1468 3303 1553 3342 nom.

348 3383 426 3442 Ace.
452 3378 522 3441 sim.
544 3401 630 3440 ηοω.
782 3381 851 3442 sim.
876 3403 962 3444 nom.
1068 3385 1138 3448 sim.
1163 3407 1247 3446 nom.
1373 3383 1443 3444 sim.
1468 3404 1555 3444 nom.

433 3503 520 3564 Plur.
1153 3504 1239 3567 Plur.

347 3607 442 3670 Nom.
465 3605 623 3669 waburna
780 3606 938 3670 waharna
1068 3608 1219 3671 sic't'laruu
1372 3605 1525 3668 siulurnu

347 3707 427 3770 Gen.
451 3707 627 3771 waharuas
780 3709 958 3774 wakuruus
1067 3709 1236 3774 sidiaruas
1371 3706 1542 3770 sidiuruas

348 3810 432 3885 Dat,
457 3809 533 3870 Abl.
557 3809 718 3874 wukomeu
781 3810 851 3872 sim.
876 3832 961 3872 ηοω.
1067 3811 1221 3874 sidlomeu
1372 3809 1443 3870 sim.
1467 3831 1554 3870 nom.

348 3914 426 3973 Αοο.
452 3911 522 3972 sim.
546 3934 631 3974 ηοω.
781 3912 850 3974 sim.
878 3933 963 3973 ηοω.
1069 3913 1138 3975 sim.
1162 3935 1247 3973 ηοω.
1372 3911 1444 3973 sim.
1469 3932 1556 3972 ηοω.

432 4049 500 4114 ΝΒ,
524 4068 545 4111 1.
592 4049 638 4112 Ut
671 4049 847 4112 masculina
880 4049 1036 4132 quaedam,
1069 4050 1114 4112 ita
1148 4064 1180 4111 et
1214 4049 1370 4111 feminina
1399 4050 1433 4110 in
1457 4047 1608 4132 genitivo

345 4153 427 4237 sing.
451 4174 468 4217 s
492 4165 565 4215 ante
588 4153 735 4214 ultimam
760 4151 916 4234 syllabam
940 4152 1159 4237 interponunt,
1183 4165 1216 4214 et
1239 4154 1284 4215 sio
1299 4153 1479 4236 genitivum
1500 4151 1609 4236 dupli-

345 4257 425 4320 citer
449 4255 598 4332 formant‚
628 4268 663 4316 ut
686 4257 817 4336 tauteus
841 4267 874 4316 et
897 4256 1064 4336 lauhun&
1087 4276 1228 4336 surgens,
1253 4275 1403 4337 soryseus
1428 4268 1490 4316 etc.

429 4379 463 4424 11.
511 4359 662 4438 Quaedam
698 4358 794 4421 etiam
824 4358 886 4419 alio
910 4358 1006 4420 modo
1029 4358 1208 4441 genitivum
1233 4359 1314 4442 sing.
1340 4358 1517 4442 dupliciter
1541 4358 1609 4420 for-

344 4477 442 4538 mant,
470 4476 506 4524 ut
528 4462 700 4526 strandens
723 4474 756 4522 et
779 4461 983 4536 straudeues;
1006 4461 1127 4527 sidleus
1151 4473 1183 4522 et
1206 4463 1361 4536 utilene&
1382 4462 1550 4543 yrufweus
1574 4474 1610 4523 et

340 4567 541 4652 yrasweues;
565 4564 712 4630 bibrkeus
737 4574 770 4625 et
792 4564 955 4628 bibrkeues
979 4577 1039 4628 etc.
