3674 5694
731 523 775 581 De
800 524 951 582 Prosodia.
1432 525 1468 580 11

297 705 456 784 Quoniam
485 716 591 766 autern
620 707 655 769 in
682 706 794 790 lingua
820 705 951 770 Suetica
980 717 1132 769 accentus
1156 706 1347 790 plerumque
1365 705 1472 768 locum
1579 785 1582 790 1

209 809 317 886 babet,
353 823 408 872 aut
431 809 464 872 in
488 810 677 893 penultima,
702 823 755 872 aut
779 809 811 871 in
835 809 1091 895 propenultima;
1114 807 1189 872 ideo
1213 809 1253 872 de
1277 821 1415 872 accentu
1437 809 1471 871 in

212 913 452 998 propenultima
475 926 508 976 et
531 913 710 997 penultima
733 914 861 996 regulas
884 914 1052 997 generales
1076 935 1252 998 ponemus:
1280 913 1320 975 de
1338 923 1473 975 accentu

211 1039 322 1079 varum
339 1016 372 1078 in
389 1017 512 1080 caeteris
535 1016 667 1099 syllabis
690 1017 724 1079 in
740 1017 987 1101 exceptionibus
1005 1017 1043 1079 ad
1059 1017 1136 1080 istas
1155 1017 1281 1100 regulas
1297 1015 1472 1078 trademus.

296 1120 375 1205 Reg.
409 1140 430 1182 1.
476 1120 683 1203 Polysyllaba
711 1121 863 1206 pleraque
888 1121 995 1183 omnia
1017 1123 1079 1205 (ita
1102 1134 1210 1184 autern
1234 1143 1385 1184 vocamus
1420 1143 1472 1183 eas

210 1245 317 1300 voces,
351 1245 421 1307 quae
456 1223 529 1308 plus
563 1245 657 1308 quam
687 1223 765 1286 duas
800 1224 940 1308 syllabas
974 1225 1110 1307 habent)
1140 1247 1212 1287 curn
1237 1225 1379 1306 nomina,
1403 1224 1472 1286 sive

137 1395 142 1400 ,
211 1326 382 1410 adjectiva,
410 1327 477 1389 sive
502 1326 712 1408 substantiva,
736 1328 804 1390 sive
828 1329 968 1412 propria,
995 1329 1063 1390 sive
1095 1329 1281 1413 apellativa,
1312 1327 1475 1412 simplicia

210 1430 263 1491 vel
298 1431 475 1515 composita
509 1431 728 1516 cujuscunque
763 1432 1008 1514 terminationis,
1043 1447 1105 1494 tam
1141 1432 1175 1494 in
1205 1432 1353 1516 obliquis,
1377 1454 1472 1516 quarn

210 1534 307 1596 rectis
342 1533 483 1608 casibus3
520 1547 587 1596 tum
617 1535 726 1617 verba,
760 1535 920 1620 simplicia
954 1536 1006 1598 vel
1037 1535 1226 1620 composita,
1251 1537 1472 1620 cujuscunque

211 1637 299 1700 modi
334 1650 389 1699 aut
422 1637 594 1720 temporis:
628 1638 706 1700 item
743 1639 896 1702 adverbia
931 1653 1099 1702 accentum
1134 1639 1254 1702 habent
1277 1639 1309 1701 in
1334 1661 1473 1724 propen-

210 1741 333 1804 ultima.
381 1741 542 1826 Exempla
565 1741 660 1803 obvia
683 1759 766 1803 aunt.

297 1844 364 1908 Sub
387 1843 447 1908 bac
468 1847 582 1930 regula
604 1846 748 1930 generali
774 1847 895 1931 triplex
922 1847 1074 1932 exceptio
1095 1846 1193 1910 babet
1213 1847 1336 1910 locum:
1353 1871 1472 1933 nempe

211 1948 315 2032 prima
338 1970 460 2031 eorum,
484 1972 553 2034 quae
577 1964 742 2012 accentum
759 1949 879 2014 habent
895 1951 927 2014 in
943 1952 1270 2036 antepropenultima,
1288 1975 1345 2015 seu
1361 1965 1475 2037 quarta

211 2051 349 2134 syllaba;
373 2053 514 2116 secunda
538 2075 659 2126 eorum,
683 2077 753 2139 quae
777 2070 944 2117 accentum
968 2054 1088 2118 babent
1110 2055 1142 2116 in
1167 2055 1360 2137 penultirna3
1377 2057 1473 2120 tertia

211 2177 334 2238 eorum,
357 2177 427 2241 quae
451 2170 618 2220 accentum
643 2155 763 2221 habent
785 2159 817 2221 in
841 2159 965 2222 ultima.

296 2259 424 2343 Excipe
454 2265 481 2322 1.
529 2260 737 2344 Polysyllaba
771 2262 867 2325 etiarn
902 2263 1049 2348 pluscula
1082 2275 1249 2326 accentum
1284 2263 1405 2326 habent
1439 2265 1471 2326 in

211 2364 537 2448 antepropenultirna,
561 2387 617 2427 seu
641 2379 753 2450 quarta
776 2366 915 2448 syllaba:
939 2379 975 2428 ut
995 2367 1028 2428 iu
1045 2367 1287 2450 mbdbosammc,
1302 2368 1471 2450 hastellyta

202 2467 422 2549 jammerliya
439 2470 654 2550 ewinnerlipu,
670 2469 822 2546 dterldscn
839 2469 1038 2551 asweryifwu
1054 2483 1114 2532 etc.
1132 2493 1269 2554 quorum
1285 2471 1468 2556 catalogum

211 2569 443 2654 subjungemus
468 2572 506 2633 ad
531 2573 648 2634 calcem
672 2571 786 2634 horum
810 2586 1045 2657 praeceptorum
1068 2574 1361 2656 grammaticorum.

297 2673 405 2758 Exipe
428 2675 457 2736 2.
503 2675 710 2758 Polysyllaba
744 2675 889 2761 quaedam
924 2675 1044 2738 babent
1077 2699 1204 2761 quoque
1239 2691 1406 2740 accentum
1437 2678 1470 2740 in

212 2776 402 2860 penultima.
448 2777 494 2841 Ut
517 2781 564 2856 (l)
583 2779 753 2842 Adiectiva
776 2779 918 2864 quaedam
943 2779 976 2841 in
1001 2782 1031 2862 ty
1054 2781 1107 2843 vel
1130 2801 1168 2862 op
1184 2781 1376 2858 desinentia,
1395 2804 1471 2866 pcn-

210 2880 357 2942 ultimam
392 2881 553 2963 positione
582 2883 710 2967 longam
740 2884 843 2966 (quod
867 2883 972 2967 ipsum
996 2883 1028 2944 in
1052 2883 1164 2967 lingua
1188 2883 1317 2946 Suetica
1341 2883 1472 2947 efficere

211 2983 307 3046 etiarn
332 2983 461 3046 videtur
485 2999 572 3047 muta
596 3009 667 3048 curn
692 2987 824 3071 liquida,
848 3002 903 3049 aut
926 2987 996 3050 duae
1019 2987 1166 3072 liquidae)
1187 2987 1355 3051 babentia:
1387 3011 1415 3051 e.
1444 3011 1471 3052 c.

207 3089 429 3171 yudbfr'ubtr'p,
461 3090 657 3172 oyuduclttr'y,
681 3091 869 3174 masalman,
883 3092 1084 3173 f'c'rstdndt'y,
1109 3092 1351 3174 moctstrcfwty,
1375 3113 1470 3174 osya-

210 3193 266 3272 lc'p,
296 3193 450 3274 beydrlr'y,
471 3195 642 3275 pussirliy,
666 3193 822 3276 oskdblr'p,
846 3195 973 3276 otolrliq,
997 3195 1280 3276 condirigendum
1303 3207 1363 3258 eto.
1390 3217 1470 3280 quo-

210 3317 280 3356 rum
305 3295 401 3356 etiarn
426 3297 607 3381 catalogum
632 3320 690 3360 suo
714 3298 785 3360 loco
808 3298 892 3360 infra
916 3298 1074 3360 dabimus.

296 3403 365 3459 Not.
395 3403 469 3461 Haec
493 3412 561 3462 sunt
577 3406 710 3482 exempla
726 3406 965 3481 compositorum.
996 3406 1105 3482 Excipe
1120 3425 1177 3464 nou
1195 3413 1292 3464 tamen
1309 3408 1417 3476 omnia,
1440 3414 1472 3465 ut

205 3491 358 3564 puascrb‘p,
381 3491 509 3564 lastelip,
531 3494 659 3568 reperligy,
676 3495 819 3568 forstelr'g,
836 3493 979 3567 formelip,
1002 3495 1141 3568 randerlt'p,
1165 3495 1313 3568 panstaliy,
1339 3495 1471 3569 innerlig,

204 3577 366 3649 jdmmcrb'p
389 3584 443 3633 etc.
490 3577 562 3635 Haec
588 3581 737 3654 pertinent
761 3580 796 3636 ad
821 3599 881 3652 reg.
905 3586 1082 3652 generatam.

295 3673 348 3756 (2)
384 3673 492 3738 Verba
525 3679 702 3762 composita
730 3701 771 3742 ex
797 3676 1018 3760 monosyllaba
1041 3677 1213 3762 praeposita
1236 3691 1269 3738 et
1293 3677 1399 3740 verbis
1423 3677 1469 3740 bi·

210 3775 353 3858 syllabis,
388 3794 555 3841 acccntum
585 3781 617 3842 in
642 3782 747 3864 priore
772 3780 896 3864 syllaba
919 3779 1122 3862 habentibus,
1146 3781 1213 3842 sive
1238 3804 1275 3842 ea
1299 3780 1470 3864 positione,

209 3879 276 3940 sive
298 3879 338 3942 ob
362 3881 491 3966 longam
515 3884 660 3946 vocalem
684 3885 781 3968 longa
803 3885 855 3958 sit,
873 3898 1040 3947 accentum
1063 3883 1183 3946 habent
1199 3883 1231 3945 in
1249 3884 1470 3968 penultima,¹)

209 3996 245 4044 ut
279 3983 427 4066 aequata,
452 3987 618 4068 sdruclrtu,
648 3989 826 4072 sbrskuffa,
860 3989 999 4070 besoeta,
1034 3987 1183 4069 bedruya
1210 3988 1370 4072 firmata,
1396 3990 1470 4071 fo'r-

209 4085 327 4164 leedlro,
352 4088 487 4164 ullarum,
502 4091 649 4172 sdrtti'ru,
672 4093 786 4172 inape,
801 4093 939 4174 fdrfiira
962 4106 1022 4153 etc.
1047 4113 1182 4174 quorum
1209 4091 1374 4176 catalogus
1391 4092 1468 4154 alibi

209 4203 416 4274 proponetur.
463 4193 516 4276 (3)
546 4194 685 4257 Nomina
708 4194 963 4258 substantivam
987 4198 1040 4275 iay
1065 4194 1245 4256 desinentia
1272 4211 1305 4256 ut
1319 4197 1469 4278 slirsam·

169 4365 174 4374 ¹
209 4293 286 4374 liny,
320 4296 504 4377 insomlr'nq,
534 4298 772 4380 attollendum,
787 4299 995 4380 flirsc‘t'lcrc'ny,
1010 4299 1242 4380 sdrhoppniny‚
1267 4300 1469 4381 beyrafm'ny,

199 4397 421 4480 fdrtriistninp
445 4412 505 4462 etc.

294 4501 348 4584 (4)
370 4501 510 4564 Nomina
533 4503 734 4566 substantiva
758 4505 947 4570 muliebrem
965 4527 1078 4567 sexum
1096 4517 1149 4566 aut
1167 4502 1313 4565 officium
1330 4504 1467 4566 mulibre
1508 4569 1509 4573 ,

208 4603 396 4666 denotantia
418 4606 450 4666 in
474 4609 553 4670 inrau
579 4607 775 4671 desinentia:
796 4621 832 4671 ut
847 4610 1066 4691 ldijsurz'nnu,
1082 4609 1273 4690 bertiniano,
1284 4609 1467 4691 furstinus,

210 4712 409 4720 -ρ

279 4761 300 4823 ¹)
319 4764 389 4812 Itum
409 4776 443 4811 ex
461 4763 518 4812 illis
538 4765 671 4814 derivatae
688 4779 779 4826 voces,
803 4765 837 4814 de
857 4767 957 4829 quibus
977 4767 1012 4814 ab
1033 4767 1123 4814 altera
1141 4769 1254 4832 pagina.
