3674 5694
357 499 376 556 8
697 499 743 555 Er.
769 497 919 556 Aurivillii
943 499 1138 556 Grammatico
1162 499 1297 556 Svecana.

353 685 386 747 in
410 685 601 770 quibusdam
627 682 761 746 vocibus
784 681 953 753 retinetur,
976 694 1013 744 ut
1035 680 1068 743 in
1090 682 1167 758 hwa,
1193 683 1274 755 liws,
1289 682 1361 765 frw
1384 695 1446 746 etc.
1488 683 1552 746 Sed
1576 684 1616 747 ad

354 790 518 852 vitandam
542 787 777 867 confusionem,
801 797 833 846 et
856 797 893 847 ut
927 784 1051 868 duplex
1075 785 1194 848 vocalis
1217 807 1239 848 u
1262 784 1479 870 distinguatur
1502 810 1520 848 a
1542 811 1617 851 oon·

354 907 487 958 sonante
510 915 550 976 w,
580 889 781 956 commodius
805 888 913 964 fuerit,
938 889 964 950 si
989 889 1112 972 duplex
1135 889 1255 952 vocalis
1278 912 1300 953 ιι
1323 890 1367 951 ita
1390 889 1548 953 scribatur
1563 915 1616 976 ιιιι,

355 1019 533 1061 consonans
556 1019 574 1060 v
597 996 730 1058 alteram
755 992 945 1076 scripturam
970 1013 998 1056 w
1021 992 1168 1055 retineat.

440 1119 470 1181 N
473 1117 509 1182 B.
548 1115 676 1202 Uapud
694 1114 826 1178 Latinos
843 1137 907 1175 non
924 1113 1031 1193 mode,
1044 1135 1116 1175 oum
1133 1113 1289 1196 syllabam
1306 1113 1447 1192 inchoat,
1460 1130 1615 1200 sequente

353 1222 459 1285 vocali
482 1242 660 1284 consonans
674 1231 732 1301 est,
747 1218 802 1280 sed
817 1217 914 1280 etiam
928 1229 1003 1302 post
1013 1239 1033 1298 p
1051 1231 1084 1278 et
1095 1239 1125 1299 q,
1139 1217 1172 1279 in
1189 1217 1300 1279 eadem
1319 1218 1443 1300 syllaba
1459 1233 1615 1304 sequente

352 1325 468 1408 vocali,
502 1324 594 1387 utin
618 1325 745 1405 aconio,
770 1323 915 1404 sanquis,
938 1321 970 1382 in
994 1323 1100 1402 quusi,
1124 1341 1204 1404 quoe,
1229 1325 1301 1404 quis
1325 1335 1385 1385 etc.
1410 1345 1475 1385 non
1500 1337 1573 1407 post
1601 1345 1617 1388 o

352 1429 409 1494 sed
433 1428 479 1491 ibi
503 1439 553 1490 est
575 1425 707 1502 vocalis,
731 1424 822 1487 utin
846 1427 907 1500 oui,
937 1426 1048 1496 coicis,
1073 1426 1165 1506 onyas
1189 1438 1250 1488 etc.
1276 1431 1297 1486 I
1308 1447 1385 1488 vero
1402 1425 1449 1488 sic
1465 1426 1616 1511 positum,

352 1545 426 1620 post
448 1552 672 1617 quameunque
696 1551 868 1592 consonam
894 1549 1021 1613 semper
1046 1528 1165 1590 vocalis
1189 1541 1248 1606 est,
1272 1542 1308 1591 ιιι
1334 1551 1375 1591 ex
1397 1551 1493 1592 versu
1517 1543 1616 1616 patet·

439 1653 513 1716 Not.
535 1672 582 1716 111.
629 1650 675 1714 Ut
698 1651 729 1733 d,
752 1654 783 1724 d,
808 1655 836 1730 ὃ,
864 1649 995 1710 omnino
1019 1671 1076 1733 pro
1100 1648 1312 1734 diphthongis
1336 1649 1523 1728 habeantur,
1551 1675 1615 1715 non

351 1757 481 1821 videtur
505 1779 574 1819 esse
590 1754 818 1829 necessarium,
835 1775 907 1815 cum
921 1775 985 1815 nna
999 1765 1121 1814 tantum
1139 1753 1363 1838 exprimantur
1379 1755 1484 1838 litera,
1501 1767 1534 1818 et
1546 1756 1616 1817 uni-

354 1885 408 1926 cus
434 1862 467 1924 in
491 1861 556 1923 illis
580 1859 622 1922 sit
645 1880 741 1922 sonus
764 1857 927 1942 (quamvis
951 1855 1028 1919 olim
1053 1856 1093 1919 ob
1123 1856 1288 1920 defectum
1317 1859 1396 1921 certi
1411 1858 1615 1935 characteris,

353 1965 476 2030 duabus
512 1963 670 2028 distinctis
694 1961 820 2046 scriptae
844 1961 908 2024 sint
931 1960 1050 2042 literis)
1085 1972 1117 2022 ει
1141 1972 1295 2044 praeterea
1318 1985 1406 2046 aeque
1431 1961 1527 2026 facile
1544 1963 1614 2026 bre-

352 2093 409 2133 ves
444 2079 519 2132 sunt
552 2079 647 2152 atque
683 2066 802 2150 longae:
827 2064 966 2149 ideoque
996 2077 1031 2126 ut
1055 2076 1181 2128 constet
1205 2066 1334 2140 certius,
1359 2067 1487 2150 quando
1512 2068 1615 2152 longae

352 2173 427 2248 sint,
451 2170 611 2256 geminari
633 2169 751 2232 solent.
1139 2159 1141 2164 ’
1416 2157 1422 2162 ’

439 2292 514 2355 Νοι.
539 2310 582 2354 lv.
631 2289 766 2352 Vocales
802 2289 972 2372 geminatae
1007 2311 1060 2366 aa,
1098 2311 1140 2360 ee,
1170 2310 1216 2364 00,
1246 2291 1300 2372 atat,
1335 2295 1388 2365 dd,
1413 2302 1462 2369 ὃὸ,
1492 2292 1528 2373 ij,
1561 2314 1615 2376 gy,

352 2419 407 2480 uu,
441 2419 504 2459 non
541 2407 615 2457 sunt
638 2392 767 2478 proprie
792 2391 996 2476 diphthongi,
1020 2392 1076 2455 sed
1101 2406 1186 2456 stant
1210 2417 1267 2478 pro
1291 2417 1354 2456 una
1376 2395 1481 2458 vocali
1507 2395 1614 2480 longa.

352 2500 419 2564 Ubi
445 2499 529 2562 enim
555 2519 637 2560 unus
661 2497 801 2581 simplex
825 2509 873 2558 est
896 2519 1004 2571 sonus,
1029 2519 1092 2558 una
1114 2519 1241 2582 quoque
1264 2497 1382 2560 sufficit
1398 2499 1527 2572 vocalis,
1545 2523 1615 2584 quae

352 2601 516 2666 interdum
541 2600 679 2685 longiori
703 2623 791 2662 mora
815 2599 956 2662 effertur.
994 2600 1218 2662 Distinotionis
1235 2614 1343 2664 autem
1360 2602 1503 2666 melioris
1520 2627 1615 2667 causa

352 2707 386 2768 in
409 2706 479 2791 ipsa
516 2703 795 2790 pronunciatione,
820 2716 856 2765 ut
878 2715 1004 2766 constet
1027 2703 1059 2764 in
1084 2703 1200 2788 quibus
1226 2705 1357 2768 vocibus
1381 2727 1402 2768 a
1425 2707 1478 2768 vel
1501 2729 1516 2770 o
1541 2721 1613 2784 etc,

352 2811 485 2894 longum
520 2808 576 2883 sit;
599 2819 768 2892 receptum
792 2819 850 2888 est,
873 2820 909 2868 ut
938 2805 1001 2869 illae
1026 2829 1131 2883 voces,
1155 2807 1188 2868 in
1213 2807 1328 2893 quibus
1353 2821 1402 2870 est
1424 2831 1445 2873 o
1469 2810 1612 2895 longum,

353 2913 533 2978 scribantur
557 2933 614 2996 per
639 2911 804 2995 geminum
829 2931 880 2986 aa,
905 2922 1000 2994 atque
1025 2910 1070 2972 sic
1094 2911 1126 2972 in
1151 2907 1289 2974 daeteris:
1313 2913 1396 2974 utin
1413 2915 1496 2988 sunl,
1516 2915 1613 2987 leodh,

352 3017 450 3094 sochi,
474 3017 600 3087 statut,
623 3015 741 3090 trcio'ibl,
765 3015 870 3095 ddd,¹)
894 3015 948 3097 bij,
968 3015 1063 3096 frua,
1082 3036 1164 3097 syyra
1183 3029 1242 3077 eto.
1273 3015 1375 3094 Quam
1392 3017 1614 3102 scriptionem,

348 3122 415 3204 jam
450 3119 482 3181 in
517 3117 709 3204 quibusdam
745 3117 877 3180 vocibus
912 3140 972 3180 usu
1007 3130 1180 3202 receptam,
1215 3117 1242 3179 si
1276 3118 1307 3180 in
1340 3115 1462 3182 caeteris
1486 3144 1613 3206 quoque

352 3222 497 3304 vocibus,
521 3222 577 3284 ubi
600 3221 727 3284 vocales
750 3221 853 3305 longae
877 3235 1058 3303 occurrunt,
1082 3243 1209 3283 servaro
1233 3222 1448 3286 voluerimus:
1474 3247 1613 3309 pronun-

352 3325 448 3388 ciatio
482 3325 600 3409 linguae
636 3324 782 3400 Sueticae,
819 3323 997 3408 peregrinis
1026 3325 1197 3410 praecipue,
1223 3326 1359 3388 multum
1383 3325 1442 3390 hae
1465 3327 1498 3390 in
1523 3341 1613 3412 parte

352 3428 479 3491 facilior
501 3427 666 3491 reddetur.

437 3547 489 3610 Ex
517 3547 683 3610 vocalibus
707 3547 801 3610 certis
825 3547 909 3611 inter
931 3570 965 3610 se
985 3549 1107 3632 junctis
1135 3549 1216 3612 fiunt
1244 3549 1447 3636 diphthongi.
1494 3553 1613 3631 Quales

349 3652 383 3713 in
411 3651 523 3734 lingua
552 3650 681 3714 Suetica
710 3672 779 3712 esse
803 3651 954 3714 videntur
976 3655 1019 3725 oi,
1043 3655 1081 3732 ei,
1106 3654 1155 3716 vel
1181 3657 1225 3735 c‘r‘r',
1249 3657 1288 3728 oi,
1313 3655 1365 3717 vel
1387 3657 1430 3732 ἂι,
1454 3659 1495 3734 o'r‘,
1519 3660 1555 3740 ys·
1577 3670 1614 3720 ut

349 3753 382 3816 in
406 3754 507 3836 halja
529 3756 612 3836 seijo
636 3753 688 3816 vel
716 3755 813 3835 sutja
838 3755 935 3837 bopo,
961 3755 1013 3817 vel
1037 3755 1139 3836 tuno,
1162 3757 1279 3839 drdijo,
1303 3759 1412 3840 slyr'ja,
1437 3771 1496 3822 eto.
1544 3764 1614 3823 Aut

350 3858 436 3920 enim
460 3856 612 3919 mutanda
628 3868 676 3919 est
693 3857 850 3942 scriptura
866 3859 993 3920 illarum
1011 3872 1044 3920 et
1059 3859 1212 3922 similium
1232 3884 1358 3939 vocum,
1376 3875 1410 3924 ut
1427 3885 1498 3926 curn
1517 3863 1613 3926 unico

350 3972 473 4023 tantum
490 3959 511 4040 j
534 3959 725 4037 scribantur,
749 3960 834 4045 quod
861 3961 900 4023 ad
925 3976 1113 4046 sequentem
1130 3963 1285 4046 syllabam
1304 3966 1476 4050 pertineat,
1499 3967 1613 4029 autdi-

350 4062 487 4126 cendum
502 4061 595 4124 estin
610 4063 715 4146 priore
729 4063 853 4147 syllaba
866 4086 934 4126 esse
949 4065 1196 4152 diphthongum.
1232 4067 1313 4131 Cum
1327 4091 1405 4130 vero
1418 4069 1449 4130 in
1468 4070 1614 4153 qualibet

348 4167 470 4249 lingua,
494 4187 557 4249 quo
582 4167 682 4250 magis
706 4166 775 4251 ipsa
799 4169 956 4252 scriptura
978 4171 1237 4253 pronunciationi
1254 4172 1473 4255 exprimendae
1490 4196 1613 4236 accom-

349 4270 507 4341 modetur,
533 4290 571 4331 eo
595 4270 740 4332 exactior
763 4294 800 4333 ea
824 4271 866 4334 sit
889 4274 1059 4349 censenda,
1089 4275 1206 4337 iccirco
1227 4276 1287 4338 ista
1312 4277 1418 4359 potius
1442 4277 1611 4361 scriptura,

419 4458 440 4522 ¹)
466 4461 550 4510 Forte
578 4461 606 4510 in
635 4462 696 4511 istis
725 4465 839 4514 vocibus
863 4466 910 4514 ubi
939 4463 1090 4515 lerassum
1109 4471 1160 4526 est,
1182 4467 1217 4516 ad
1238 4468 1312 4530 quod
1331 4468 1511 4517 indicandum
1531 4465 1612 4520 liat
1643 4455 1644 4459 Ἰ

350 4548 385 4596 ad
406 4544 416 4596 l
434 4547 520 4611 adjici
538 4549 619 4608 solet,
640 4550 743 4600 sufficit
762 4567 843 4602 unam
862 4557 971 4602 tantum
990 4555 1113 4602 vocalem
1133 4555 1262 4613 scribere,
1283 4569 1343 4606 cum
1364 4552 1373 4603 l
1391 4555 1468 4604 istud
1487 4570 1611 4606 crassum

348 4635 420 4694 satis
439 4635 546 4686 indicet
564 4650 624 4694 earn
644 4639 768 4700 vocalem
788 4654 848 4692 esse
869 4643 989 4704 longam.
