3648 5696
355 473 414 532 126
681 469 730 530 Er.
754 471 907 530 Aurivillii
932 472 1128 530 Grammatica
1152 471 1289 530 Svccana.

351 679 475 720 versam
509 655 611 740 ipsius
646 655 737 718 verbi
771 654 962 720 flexionem:
998 667 1033 718 ut
1057 679 1098 719 ex
1122 655 1395 740 paradigmatibus
1419 655 1534 720 clarius
1558 655 1613 718 ad·

351 773 452 846 paret.
497 758 651 822 Continet
684 772 791 821 autem
826 758 885 822 sub
914 781 1033 822 senon
1059 760 1162 823 solum
1188 759 1366 844 optativum
1392 758 1532 842 modum,
1556 759 1612 844 qui

351 887 409 950 per
447 861 599 926 adverbia
633 861 767 946 optandi
801 863 1003 946 exprimitur,
1039 863 1094 926 sed
1125 864 1221 926 etiam
1246 864 1479 946 concessivum,
1501 863 1611 947 (quem

352 980 469 1031 vocant
492 965 693 1052 grammatici
716 965 839 1049 Latini)
869 978 900 1029 et
923 967 1146 1051 potentialem,
1175 967 1231 1052 qui
1254 989 1312 1052 per
1328 967 1426 1030 verba
1442 967 1611 1030 auxiliaria

352 1072 440 1136 varie
464 1069 590 1154 adjecta
614 1070 849 1155 exprimuntur.

439 1173 623 1238 infinitivus
657 1195 714 1236 seu
748 1173 856 1258 potius
889 1171 1122 1250 indefinitivus,
1157 1175 1213 1259 qui
1251 1173 1428 1238 indefinitae
1452 1173 1609 1236 actionem

352 1281 405 1343 vel
428 1278 621 1364 passionem,
648 1291 703 1340 aut
726 1289 916 1362 separatam,
940 1291 994 1340 aut
1017 1290 1172 1356 mutuam,
1195 1277 1349 1342 videlicet
1364 1279 1489 1342 nullum
1506 1277 1610 1362 desig-

352 1384 459 1446 nando
493 1403 662 1445 numerum
698 1393 831 1456 certum,
866 1393 921 1444 aut
950 1403 1119 1465 personam
1154 1381 1322 1466 exprimit:
1347 1384 1438 1466 cujus
1462 1382 1611 1466 exempla

353 1511 410 1574 per
444 1509 554 1548 omnes
589 1484 833 1568 conjugationes
865 1486 931 1568 jam
962 1507 1058 1570 supra
1082 1485 1121 1548 de
1144 1485 1318 1570 generibus
1342 1486 1513 1549 verborum
1538 1496 1611 1547 sunt

356 1591 530 1676 proposita,

441 1697 469 1757 t.
517 1694 570 1756 De
595 1691 861 1776 Temporibus
891 1691 1127 1758 Verborum.

439 1799 489 1862 Ea
511 1799 544 1860 in
566 1797 677 1880 lingua
699 1808 808 1858 nostra
830 1794 983 1858 videntur
1006 1818 1075 1858 esse
1100 1819 1167 1860 sex.

437 1903 580 1965 Praesens
595 1900 632 1984 ¹),
656 1899 742 1984 quod
765 1899 931 1983 praesentis
955 1899 1109 1983 temporis
1133 1900 1302 1980 actionem,
1337 1899 1391 1962 vel
1419 1900 1611 1984 passionem,

354 2020 454 2082 notat,
477 2017 515 2068 ut
537 2003 632 2066 indic.
650 2006 712 2086 ρἀρ
732 2003 856 2080 citatur,
879 2003 955 2066 aller
977 2003 1108 2082 diskas;
1129 2005 1291 2087 conjunct.
1307 2008 1370 2068 mir
1387 2004 1464 2068 oller
1479 2003 1612 2067 mediata

349 2111 411 2193 ρἀρ
444 2109 568 2182 dictor,
605 2107 717 2172 distros
725 2125 736 2184 ;
770 2106 882 2190 impar.
917 2106 1014 2172 cislau
1047 2107 1100 2190 da,
1133 2107 1246 2172 clatos
1274 2107 1334 2184 aaa·
1357 2106 1415 2170 inf.
1439 2112 1486 2170 ott
1507 2105 1611 2182 disto,

355 2214 478 2280 statas.

442 2314 672 2401 imperfectum
685 2315 721 2398 ²),
744 2313 830 2398 quod
854 2313 996 2376 medium
1020 2313 1111 2398 quasi
1134 2325 1183 2376 est
1198 2313 1283 2376 inter
1299 2336 1438 2398 praesens
1455 2326 1487 2376 et
1503 2327 1614 2398 praete·

355 2421 464 2499 ritum,
487 2431 640 2502 notatque
666 2417 823 2480 actionem
847 2418 900 2480 vel
923 2417 1104 2501 passionem
1128 2418 1245 2502 partim
1269 2417 1474 2502 praeteritam,
1498 2419 1614 2502 partim

356 2536 563 2610 praesentem:
589 2521 689 2606 magis
714 2535 820 2583 tamen
845 2541 914 2583 cam
939 2534 1096 2605 quatenus
1120 2543 1259 2604 praesens
1283 2534 1332 2584 est
1347 2521 1511 2606 designem
1528 2521 1614 2582 unde

356 2629 452 2692 etiam
477 2626 657 2688 declaratur
678 2646 737 2709 per
760 2623 891 2708 phrasin
913 2624 1003 2688 ncilla
1022 2625 1078 2706 poi,
1101 2637 1137 2686 ut
1150 2628 1213 2708 jap
1235 2625 1368 2690 distracta
1383 2631 1427 2689 tiu
1445 2647 1502 2686 seu
1517 2625 1615 2704 tadu,

356 2753 413 2795 scu
436 2731 513 2796 notit
534 2729 621 2810 αρρᾶ
643 2733 691 2792 ott
712 2728 828 2804 citatam
848 2727 914 2791 toa
936 2728 1073 2805 toludhe,
1098 2751 1154 2792 seu
1177 2730 1256 2794 totta
1277 2730 1364 2810 appu
1386 2734 1433 2792 ott
1455 2728 1533 2792 rata.
1563 2727 1615 2792 Sic

357 2835 449 2898 Matt.
485 2835 525 2896 26
555 2855 584 2894 v.
615 2833 654 2894 47
685 2830 740 2896 oct
765 2831 830 2894 wid
850 2830 915 2895 hun
936 2835 981 2896 αα
1003 2833 1120 2916 talaria,
1143 2833 1188 2914 aij
1210 2834 1245 2898 te
1267 2833 1338 2896 torn
1360 2829 1477 2896 Judas.
1524 2829 1615 2893 idem

357 2941 436 3002 Luc.
462 2939 502 3000 22
526 2959 555 2996 v.
580 2937 631 2998 47.
678 2932 767 2996 Idem
794 2933 885 2996 Matt.
910 2935 928 2997 9
952 2957 982 2998 ν.
1008 2936 1056 2998 18.

443 3039 646 3104 Praeteritum
669 3036 884 3121 definitum³),
908 3037 993 3122 quod
1017 3038 1077 3101 sub
1100 3039 1325 3102 terminatione
1342 3037 1526 3124 imperfecti
1543 3060 1617 3102 cou-

357 3147 478 3210 tinctur
511 3165 579 3204 ram
613 3154 721 3204 tamen
755 3162 812 3203 seu
846 3143 1005 3204 actionem
1035 3142 1087 3204 vel
1115 3133 1308 3228 passionem,
1325 3144 1404 3226 jam,
1429 3155 1462 3205 et
1485 3140 1616 3227 quidem

357 3261 445 3314 certo
480 3245 587 3330 aliquo
610 3244 765 3329 temporis
789 3256 963 3322 momento,
986 3257 1148 3330 peractam
1172 3246 1349 3329 subinnuit,
1373 3258 1409 3308 ut
1424 3247 1487 3329 ρἀρ
1509 3244 1617 3321 audite,

352 3355 412 3436 ρἀρ
446 3349 536 3432 aaut,
567 3347 651 3431 piola,
675 3347 752 3430 fiola,
787 3348 888 3424 stadt,
922 3349 1211 3432 electamque.
1235 3348 1619 3432 sustentamini·

356 3454 501 3536 ftarpcir,
524 3455 536 3516 α’
548 3452 628 3535 ficol
651 3463 722 3524 etc,
751 3450 885 3516 {cloniaca
908 3456 941 3529 8,
964 3451 1007 3517 at.
1031 3457 1083 3535 10,
1107 3453 1147 3518 lul.
1174 3457 1219 3520 12
1242 3465 1303 3517 eat.
1350 3452 1442 3516 Matt.
1469 3454 1509 3516 26
1533 3471 1618 3534 saepe

359 3561 394 3624 aa
415 3558 492 3623 sude
511 3554 621 3621 Jesas.

445 3659 647 3724 Praeteritum
671 3658 1030 3743 respectivum⁴)‚qu0d
1053 3681 1121 3722 rem
1145 3661 1198 3722 vel
1221 3660 1381 3724 actionem
1404 3681 1469 3722 non
1494 3657 1619 3743 pridem

358 3763 552 3852 praeteritam
576 3775 676 3845 notat,
700 3774 734 3824 et
756 3761 852 3824 simul
874 3775 1057 3847 respectum
1081 3763 1220 3826 involvit
1243 3763 1281 3826 ad
1300 3785 1368 3826 rem
1385 3784 1442 3826 seu
1459 3763 1619 3826 actionem

360 3868 454 3932 aliam
479 3865 700 3941 subsecutam
724 3877 857 3928 vocatur
879 3887 896 3927 a
922 3866 1139 3950 grammaticis
1167 3866 1300 3930 aliarum
1322 3865 1505 3950 linguarum
1523 3865 1620 3950 paulo

360 3973 433 4058 plus
456 3992 550 4056 quam
576 3968 768 4055 perfectum.
816 3967 863 4031 Ut
878 3968 940 4050 ρἀρ
962 3969 1063 4034 hudhe
1084 3970 1161 4052 paidt
1182 3971 1196 4033 a·
1218 3969 1365 4052 Ιιραααα,
1378 3973 1441 4034 nair
1456 3969 1522 4034 hoa
1537 3968 1621 4044 Itom3

352 4080 491 4159 prostati
512 4074 614 4138 hudhe
628 4071 791 4154 predikot,
813 4076 876 4136 aar
898 4071 963 4136 hon
984 4072 1073 4151 lacau
1095 4073 1160 4138 Ιιαα
1181 4073 1261 4138 hade
1283 4075 1368 4138 aurit
1391 4073 1518 4154 Ιοοαααρ
1541 4074 1553 4136 a'
1574 4075 1621 4136 20

359 4179 430 4252 (ihr,
453 4182 517 4242 nair
538 4176 644 4240 dhatto
666 4175 796 4240 steedda
841 4173 894 4236 Sic
917 4175 1009 4238 Matt.
1033 4179 1073 4240 26
1097 4200 1126 4239 ν.
1151 4177 1193 4240 30
1216 4180 1279 4240 adr
1300 4177 1348 4240 tlte
1370 4177 1451 4242 hade
1473 4181 1545 4258 sapt
1563 4174 1622 4257 tof-

359 4283 489 4364 εάαραα,
511 4281 606 4362 pinpo
630 4279 679 4342 rae
701 4283 741 4343 ct.
786 4277 862 4342 soh.
889 4279 927 4342 13
951 4302 981 4344 v.
1005 4281 1047 4343 30
1070 4285 1131 4345 nc‘tr
1154 4281 1219 4344 tun
1241 4280 1321 4344 hade
1336 4283 1417 4362 tuqit
1432 4281 1504 4344 than
1518 4280 1622 4355 batua,

358 4387 432 4469 picta
455 4385 520 4449 han
542 4389 638 4448 atron
660 4382 713 4447 ath
735 4395 796 4448 cta.

369 4503 561 4518 —a-...n--n

434 4556 454 4622 ¹)
473 4556 677 4619 Interrogative
697 4555 737 4604 sic
756 4552 876 4606 effertur.

369 4635 371 4644 '
432 4642 455 4708 ²)
474 4643 685 4706 Interrogativa
701 4642 748 4694 sic.

432 4727 454 4797 ³)
474 4731 683 4794 Interrogatire
702 4729 751 4780 ita.

432 4816 455 4888 ⁴)
474 4819 585 4870 Rectius
603 4819 776 4870 Praeteritum
795 4817 968 4869 indefinitum
989 4821 1017 4868 at
1036 4830 1092 4868 non
1110 4815 1301 4882 respectivum.
