3648 5696
759 506 803 566 De
826 505 931 564 Verbo.
1417 503 1478 564 125

219 691 349 779 antique
372 693 522 776 chinsica,
544 714 642 758 reuse
665 715 682 755 a
704 713 792 767 reno,
808 690 945 756 wattun
960 691 1064 774 waiva,
1079 691 1176 774 wefto
1192 713 1209 752 a
1224 689 1346 774 westre,
1354 689 1479 773 suapte

218 797 370 880 afflwu

303 901 340 985 4)
374 899 585 982 Diminutiva,
619 921 755 985 quorum
790 897 1033 960 terminationes
1068 909 1142 960 sunt
1173 895 1241 958 fere
1270 897 1321 972 ko,
1347 897 1389 979 lo,
1416 896 1478 974 los,

217 1023 282 1080 sao,
308 1017 344 1066 ut
365 1003 473 1068 soleta
496 1026 514 1066 a
537 1003 617 1086 solo,
641 1003 764 1066 emollio
787 1025 805 1063 a
827 1001 930 1066 amolo
954 1015 1025 1080 ete,
1048 1001 1162 1082 supple
1185 1022 1203 1062 a
1225 1020 1318 1083 supa,
1340 1001 1478 1082 dropplo

218 1129 236 1168 a
268 1107 383 1189 drypu,
417 1107 537 1188 tuapte
572 1105 610 1167 ab
642 1105 772 1187 herapia,
807 1105 907 1169 tumla
931 1127 948 1166 a
970 1105 1088 1187 tuniba,
1108 1104 1208 1187 poplo
1232 1103 1271 1167 ab
1292 1105 1392 1185 papiu
1415 1116 1476 1166 etc.

218 1210 416 1292 cisterneolae
450 1232 468 1271 a
501 1209 655 1292 stuprata,
685 1208 819 1272 terciolo
846 1207 885 1270 ab
908 1207 1046 1290 horsum,
1074 1207 1248 1290 akrpncltlu
1271 1229 1288 1268 a
1310 1206 1477 1289 serpulum,

214 1315 330 1394 puisse
353 1335 370 1376 a
390 1313 526 1395 parjete
549 1326 609 1376 etc.

303 1417 334 1480 4.
380 1417 434 1479 De
457 1416 609 1502 Figura
632 1414 866 1479 Verborum.

304 1520 374 1599 Qua
397 1519 506 1584 Verba
529 1533 614 1596 sunt,
639 1520 692 1582 vel

303 1623 470 1708 Simplicia
493 1636 538 1700 ut,
562 1623 664 1706 uelato,
688 1623 806 1698 brutia,
830 1623 964 1704 atropha,
987 1642 1047 1702 aee,
1070 1623 1159 1706 adaja
1183 1636 1243 1684 eto.

302 1727 499 1812 Composita,
522 1740 559 1790 ut
572 1727 738 1810 feraciter,
760 1726 918 1809 tartidate,
938 1726 1148 1808 fromdrupu,
1171 1726 1306 1807 feresca,
1322 1725 1476 1808 uthadijo.

303 1831 542 1916 Decomposita‚
575 1813 877 1914 framftredrepho,
908 1829 1123 1912 forvthsc‘t'r'ju,
1154 1829 1328 1913 siruttaee,
1366 1829 1476 1908 &swer-

216 1935 388 2000 entwordo
412 1949 473 1998 eto.

304 2040 333 2102 5.
378 2038 433 2101 De
459 2037 613 2102 Genera
641 2037 875 2101 Verborum.

300 2140 428 2204 Genera
451 2141 622 2204 verborum
647 2153 722 2204 sunt
744 2154 891 2226 quatuor.

302 2247 467 2322 Activum,
502 2245 587 2331 quod
616 2245 733 2330 agendi
768 2243 1036 2330 significationem
1061 2243 1159 2307 habet
1182 2257 1215 2307 et
1237 2243 1356 2308 format
1378 2267 1419 2308 ex
1443 2268 1476 2308 se

216 2349 390 2434 passivum,
412 2349 538 2434 adjecto
561 2371 587 2424 a,
611 2371 734 2435 proque
759 2349 946 2411 diversitate
971 2347 1233 2432 conjugationum
1258 2349 1346 2412 varie
1370 2349 1477 2412 termi-

215 2466 319 2530 natur,
335 2465 371 2516 ut
386 2453 492 2530 elatu,
509 2455 622 2537 npttiu,
635 2473 695 2536 see,
707 2453 765 2536 eij,
780 2459 857 2534 troo,
874 2454 943 2534 try,
956 2451 1040 2526 εῖᾶἅ,
1058 2455 1145 2516 stro&
1159 2452 1265 2534 ηᾱροη
1280 2453 1357 2517 eller
1371 2453 1477 2534 nepot.

302 2555 481 2640 Passivum,
516 2556 599 2639 quod
634 2555 780 2642 patiendi
815 2555 912 2619 habet
939 2553 1220 2639 significationem,
1254 2555 1476 2641 formaturque

216 2682 258 2722 ex
292 2660 408 2743 activo,
443 2661 569 2745 adjecto
593 2661 696 2723 solum
720 2660 753 2722 in
777 2657 841 2722 fine
866 2679 893 2735 a,
916 2671 952 2721 ut
973 2659 1098 2735 ulatur,
1122 2662 1253 2742 attitiae,
1276 2681 1355 2742 seco,
1378 2665 1475 2738 traca,

217 2765 292 2847 dits,
317 2767 403 2848 brya,
427 2765 530 2848 slede,
553 2770 657 2830 str'o'tr's
680 2762 731 2847 off
748 2764 863 2846 utpote.

301 2868 375 2931 Non
399 2867 438 2931 ab
463 2869 578 2943 activo,
596 2867 652 2932 aed
677 2891 695 2930 a
717 2867 858 2950 nomine,
883 2879 919 2930 ut
941 2865 1069 2932 cilicinas
1092 2866 1132 2930 ab
1155 2865 1268 2942 elidar,
1292 2866 1387 2952 plura
1410 2867 1476 2930 vid.

216 2993 289 3056 pag.
313 2971 446 3057 praeced.

300 3075 471 3158 Neutrum,
504 3073 590 3160 quod
623 3075 882 3138 terminationem
917 3073 1015 3138 habet
1051 3074 1199 3151 activam,
1234 3073 1289 3137 sed
1314 3095 1378 3136 non
1402 3095 1476 3138 con·

215 3180 348 3243 struitur
377 3201 450 3242 oum
474 3178 667 3254 accusativo,
692 3180 776 3242 sicut
799 3179 950 3256 activum,
974 3200 1079 3263 neque
1103 3177 1266 3262 passivum
1290 3199 1332 3241 cx
1356 3199 1389 3240 se
1413 3177 1477 3240 for·

215 3297 290 3362 mat,
315 3297 351 3346 ut
363 3284 467 3368 fallo,
491 3283 544 3362 lea,
565 3303 654 3365 prou,
675 3305 747 3366 puy,
771 3283 855 3359 attici,
877 3283 953 3365 prid,
977 3283 1035 3348 dot
1059 3297 1120 3346 etc.

301 3387 376 3450 Not.
422 3385 506 3463 θᾶᾶ,
540 3387 615 3451 atriti
648 3386 681 3448 in
719 3385 905 3472 compositis
934 3385 1098 3471 passivum
1121 3384 1257 3464 habent,
1275 3397 1312 3449 ut
1334 3385 1474 3466 bestilia,

207 3491 372 3578 foraturia,
386 3491 517 3576 stirpata
541 3491 645 3573 baysio.

301 3594 487 3680 Deponens,
499 3593 585 3678 quod
599 3593 657 3656 sub
670 3591 797 3678 passiva
809 3592 1036 3656 terminatione
1048 3591 1101 3656 vel
1114 3593 1292 3656 neutralem
1306 3591 1403 3656 habet
1416 3593 1478 3678 sig·

214 3697 442 3773 nificationem‚
467 3709 504 3760 ut
531 3697 685 3779 treugas,
703 3695 805 3780 bipes,
818 3702 948 3779 panton,
964 3697 1035 3761 irtus
1048 3708 1109 3761 ete.
1122 3697 1243 3779 kappus
1257 3719 1273 3759 a
1285 3719 1371 3760 nom.
1384 3697 1475 3779 kopp.

300 3802 364 3868 Vel
397 3816 541 3864 mutuam
576 3799 735 3885 quandam
770 3801 929 3864 actionem
965 3813 999 3864 et
1031 3800 1213 3887 passionem
1247 3801 1411 3886 importat,
1440 3813 1477 3863 ut

213 3907 312 3992 aldea,
335 3907 466 3984 brettos,
489 3905 617 3990 riferus,
631 3904 767 3988 fatentes
790 3915 850 3970 etc.

300 4011 329 4074 6.
375 4009 429 4072 De
453 4007 582 4072 Medis
606 4007 842 4073 Verborum.

300 4113 382 4178 Sunt
414 4113 464 4178 illi
496 4125 649 4198 quatuor:
677 4111 881 4190 indicativus,
905 4109 1125 4197 imperativus,
1149 4109 1382 4196 conjunctivus,
1405 4109 1476 4174 infi-

212 4217 334 4282 nitivus
356 4217 432 4304 (sub
454 4217 661 4302 conjunctivo
685 4215 771 4279 enim
795 4216 957 4300 optativus
981 4214 1191 4299 continetur).
1235 4273 1243 4282 .

299 4323 498 4386 Indioativus
533 4333 592 4406 est,
626 4319 682 4406 qui
721 4319 912 4405 simpliciter
936 4317 1057 4404 aliquid
1081 4339 1151 4381 esse
1174 4317 1228 4380 vel
1250 4316 1321 4380 fieri
1344 4317 1475 4382 indicat.

300 4425 529 4511 Imperativus,
552 4425 644 4509 eujus
666 4445 743 4487 usus
768 4435 817 4486 est
839 4423 872 4486 in
895 4421 1085 4508 imperando
1110 4433 1144 4485 et
1165 4421 1319 4507 rogando·

298 4529 545 4613 Conjunotivus,
578 4529 633 4608 qui
667 4549 795 4614 semper
829 4550 902 4590 curn
937 4527 999 4590 alia
1033 4523 1177 4589 oratione
1201 4522 1354 4608 conjungi
1378 4535 1474 4604 amat,

212 4646 249 4699 ut
271 4633 432 4698 sententia
455 4633 550 4718 plene
574 4633 768 4696 absolvatur.
805 4631 1006 4694 Discernitur
1022 4629 1061 4692 ab
1077 4627 1253 4692 indicativo
1269 4627 1474 4713 potissimum

212 4761 270 4826 per
293 4751 396 4802 certas
421 4738 451 4800 ei
472 4737 614 4822 adjectas
638 4737 823 4822 particulas,
846 4747 879 4798 et
902 4733 1063 4798 diversam
1085 4733 1119 4796 in
1143 4713 1335 4818 fluibusdam
1351 4743 1474 4818 tempo-

211 4844 302 4912 ribus
335 4841 509 4908 verborum
543 4840 750 4907 auxiliarium
779 4837 1007 4918 inflexionem
1031 4835 1203 4925 aliquando
1227 4835 1325 4900 etiam
1347 4857 1406 4926 per
1429 4834 1474 4902 di·
