3674 5694
382 508 420 567 16
708 505 757 566 Er.
783 505 934 565 Aurivillii
959 505 1155 565 Grammatico
1181 505 1317 565 Svecana.

464 695 648 758 Personae
672 706 747 758 sunt
770 706 845 759 tres.

463 815 581 893 Prima,
605 839 675 901 quae
698 815 851 900 loquitur,
875 829 912 878 ut
934 813 1000 897 Jay
1023 814 1151 880 Herrevt
1173 817 1220 879 tia
1240 815 1326 898 qudlt
1347 821 1407 897 yllr
1430 815 1503 880 lbet.

463 918 623 996 Secunda,
647 920 686 982 ad
711 941 805 1003 quam
830 919 901 1004 quis
924 918 1077 1002 loquitur,
1101 930 1138 980 ut
1163 918 1210 983 Iu
1235 917 1344 983 Israel
1356 919 1454 1002 slircr
1481 921 1527 1001 lig
1549 919 1641 1004 sjelfl

380 1023 533 1107 iolyclco.

465 1127 586 1203 Tertia,
611 1127 651 1190 de
675 1149 737 1212 qua
760 1127 912 1212 loquitur,
936 1139 973 1189 ut
997 1126 1105 1191 Israel
1124 1125 1453 1211 bafwersbrderfwul
1468 1129 1521 1191 siu
1535 1127 1638 1208 wdqb.

464 1231 540 1295 Not.
585 1231 652 1314 Jup
681 1245 714 1294 et
747 1231 812 1313 le
835 1253 963 1315 semper
987 1242 1061 1291 sunt
1085 1230 1194 1314 primae
1219 1253 1379 1314 persouae;
1408 1231 1455 1294 Tu
1479 1244 1512 1293 et
1536 1229 1565 1312 I,
1589 1253 1639 1292 se-

378 1334 499 1418 eundae,
527 1348 564 1398 ut
597 1348 630 1397 et
664 1357 774 1397 omnes
798 1335 948 1398 vocativi.
995 1333 1118 1397 Caetera
1142 1335 1248 1397 omnia
1271 1335 1411 1410 nomina,
1436 1335 1637 1420 pronomina,

379 1438 557 1524 partieipia,
583 1451 616 1501 et
639 1438 737 1500 verba
760 1459 898 1523 quoque,
922 1449 997 1500 sunt
1019 1437 1122 1500 tertiae
1146 1459 1301 1522 personae,
1334 1438 1397 1500 nisi
1419 1439 1472 1500 vel
1487 1461 1641 1522 expresse

379 1541 547 1624 addantur,
572 1541 624 1604 vel
648 1541 941 1626 subintelligantur,
965 1541 1062 1622 Jayt,
1087 1555 1141 1603 aut
1173 1541 1250 1624 le3
1279 1542 1335 1624 Tu,
1359 1543 1411 1604 vel
1438 1541 1466 1605 I.

464 1645 533 1707 NB.
580 1645 666 1724 Quot
694 1658 726 1708 et
760 1667 905 1730 quaenam
930 1643 1067 1728 singulis
1092 1645 1237 1728 partibus
1261 1645 1414 1708 orationis
1438 1644 1640 1708 flexibilibus

378 1749 563 1834 specialiter
597 1748 761 1826 accedant,
796 1761 870 1834 post
899 1747 957 1810 sub
982 1748 1117 1832 siugulis
1141 1748 1293 1811 orationis
1317 1748 1462 1832 partibus
1486 1771 1544 1812 suo
1568 1749 1640 1811 loeo

379 1853 586 1916 indicabitur.

870 1977 896 2039 l.
942 1976 987 2038 Do
1011 1974 1159 2040 Arlloulo.

463 2110 632 2174 Articulus
667 2123 716 2172 est
750 2133 814 2172 vox
848 2110 971 2173 nomini
1005 2123 1130 2174 tantum
1164 2110 1354 2188 inserviens,
1391 2123 1427 2173 ut
1449 2111 1510 2174 rite
1535 2133 1571 2173 ao
1593 2110 1639 2172 di·

378 2215 494 2278 stincte
530 2215 632 2297 magis
666 2236 794 2276 sensum
829 2228 973 2276 nostrum
1009 2214 1179 2300 exprimat.
1232 2213 1425 2299 Applicatur
1459 2237 1477 2277 a
1510 2215 1638 2300 proprie

377 2331 502 2382 tantum
525 2317 749 2381 substantivis:
774 2317 942 2401 adjectivis
966 2339 1043 2380 vero
1066 2331 1223 2402 quatenus
1247 2317 1482 2380 substantivum
1508 2317 1637 2402 aliquod

378 2423 431 2486 vel
466 2443 619 2507 expresse
655 2422 794 2506 positum
829 2421 1010 2507 respicitur,
1034 2423 1087 2484 vel
1110 2421 1365 2506 subintelligitur
1388 2443 1444 2484 seu
1479 2421 1638 2506 implicite

377 2526 561 2589 continetur
595 2537 631 2589 ut
664 2525 697 2588 in
732 2525 877 2588 terminis
901 2525 1069 2588 concretis.
1116 2524 1279 2610 Expresse
1313 2537 1350 2587 ut
1382 2546 1420 2590 ert
1452 2525 1640 2608 opuducltlt'p

376 2630 567 2713 meavislu'u,
590 2630 671 2695 dltcu
691 2629 911 2712 gudfrvclttr'pc
934 2651 1082 2694 manaen.
1121 2628 1285 2714 implicite
1302 2641 1338 2691 ut
1352 2629 1433 2693 dlteu
1447 2629 1640 2711 rdttferdr'pc

375 2735 477 2800 melate
499 2733 619 2817 myclvet
642 2733 762 2816 zuata-
789 2733 869 2798 ellteu
890 2733 1095 2816 opvdaclrlr'qe
1118 2738 1233 2815 trupar
1256 2733 1335 2798 dbeu
1358 2732 1553 2814 r·dttfdrdt'9e
1577 2745 1638 2795 eto.

376 2837 528 2901 Articulo
551 2836 703 2900 accidunt
726 2849 867 2922 septem:

376 2941 562 3026 Persona,
587 2953 636 3005 cst
660 2953 767 3004 autem
791 2941 894 3004 tertiae
918 2951 1043 3004 tantum
1067 2961 1220 3025 personae.

376 3045 584 3122 Numerus,
608 3045 780 3130 singularis
803 3056 836 3108 et
858 3044 1002 3129 pluralis.

377 3149 552 3234 Species,
576 3148 753 3212 secundum
777 3170 873 3232 quam
895 3159 944 3210 est
967 3147 1150 3232 primitivus
1174 3159 1309 3211 tantum.

377 3251 535 3337 Figura,
560 3255 624 3336 qut
646 3252 703 3316 ille
727 3264 777 3315 est
799 3263 926 3315 tantum
950 3251 1102 3336 simplex,
1127 3274 1190 3314 non
1217 3251 1426 3336 compositus.

378 3355 520 3433 Genus,
550 3357 635 3441 quod
663 3355 762 3420 habet
788 3355 920 3441 triplex,
949 3355 1174 3438 masculinum,
1201 3355 1393 3418 femininum
1418 3367 1451 3419 et
1476 3368 1640 3422 neutrum.

377 3459 512 3543 Casus,
536 3483 616 3546 quos
640 3459 738 3523 hebet
761 3482 830 3537 sex,
854 3471 891 3522 ut
913 3459 1053 3522 nomina.
1153 3503 1156 3510 -

377 3563 626 3642 Declinatio,
663 3585 732 3648 quae
769 3585 827 3648 pro
860 3562 1048 3626 diversitate
1072 3562 1200 3626 articuli
1224 3575 1273 3625 est
1296 3561 1433 3639 diversa,
1457 3563 1561 3648 qualis
1586 3562 1640 3626 hic

467 3689 545 3730 mox
567 3668 771 3753 proponitur.

463 3771 586 3856 Estque
609 3771 643 3834 in
667 3765 779 3856 lingua
803 3769 933 3834 Suetiea
957 3769 1089 3855 duplex:

462 3875 558 3939 Alius
581 3873 889 3950 indefinitivus‚
916 3895 972 3936 seu
997 3872 1216 3954 absolutus,
1232 3873 1566 3940 aliusdefinitivus
1583 3897 1640 3939 seu

376 4001 461 4066 resp
473 3979 636 4042 ectivus.
667 3979 727 4043 Ille
740 3977 926 4041 nominibus
939 3979 971 4040 in
984 3977 1084 4040 forma
1100 3977 1255 4062 absoluta,
1271 3978 1324 4042 hic
1339 3979 1372 4042 in
1390 3979 1495 4043 forma
1510 4002 1639 4065 respec-

377 4083 444 4147 tiva
466 4082 675 4170 inser[vit]¹).
709 4082 890 4146 Absolutus
914 4093 973 4158 est,
998 4082 1052 4162 qui
1076 4105 1193 4145 nomen
1206 4083 1432 4168 quodcunque,
1445 4083 1514 4147 sive
1526 4106 1640 4170 genus,

377 4187 446 4252 sive
469 4187 611 4273 speeiem
636 4199 761 4269 notans,
784 4186 829 4250 ite
852 4185 1016 4271 exprimit,
1040 4198 1076 4250 ut
1099 4187 1194 4250 simul
1218 4187 1474 4272 singularitatem
1499 4189 1558 4252 sub
1581 4188 1640 4250 illo

376 4313 509 4378 genere,
543 4291 596 4354 vel
626 4292 746 4376 specie,
769 4291 892 4354 innuat.
940 4289 1025 4354 Hinc
1048 4313 1105 4354 sua
1128 4303 1241 4354 natura
1264 4304 1388 4354 tentum
1413 4292 1567 4378 singulari
1592 4304 1642 4356 est

377 4396 516 4471 numeri,
541 4408 574 4460 et
597 4395 714 4481 plurali
738 4407 834 4458 earet.

464 4499 587 4586 Estque
617 4499 755 4586 duplex:
790 4522 883 4583 unus,
918 4499 973 4584 qui
995 4499 1172 4563 masculino
1195 4512 1228 4562 et
1251 4497 1408 4562 feminino
1431 4499 1543 4584 generi
1567 4521 1641 4562 con·

376 4604 478 4689 venit,
512 4617 548 4668 ut
581 4626 636 4670 eu:
670 4605 752 4668 alter
786 4605 841 4689 qui
864 4619 990 4688 neutro,
1014 4619 1050 4668 ut
1073 4611 1122 4670 cll.
1170 4603 1222 4669 Sic
1245 4603 1382 4666 dicimus
1405 4604 1438 4667 in
1463 4604 1641 4668 masculino

381 4712 576 4722 —-———----

450 4764 471 4834 ¹)
490 4767 598 4818 Endast
615 4763 697 4818 t'ttter·
717 4766 771 4816 kan
789 4765 894 4832 tydligt
913 4768 987 4817 lases
1006 4766 1016 4815 i
1034 4765 1238 4816 haudskrilten.
1442 4765 1500 4838 th.
