3648 5696
696 508 739 568 De
763 509 949 570 Pronomine.
1387 513 1448 572 115

188 692 364 756 structione
398 695 563 780 reciproca
586 694 771 779 adpareant,
795 707 903 758 tamen
926 694 1061 780 primam
1087 707 1120 760 et
1142 695 1316 760 secundam
1340 719 1448 782 perso-

188 818 260 859 nam
296 796 452 874 referant3
486 799 558 881 sipi
591 821 667 860 vero
702 809 827 860 tantum
862 797 904 860 sit
937 799 1148 884 reciprocum,
1183 811 1219 862 ut
1241 799 1292 862 sui
1315 813 1348 862 et
1370 823 1447 864 suus

189 898 274 982 apud
299 897 454 963 Latinos?

275 1000 360 1080 Quid
384 1001 492 1086 etiam,
515 1025 619 1064 annon
643 1005 696 1068 ain
719 1002 920 1088 reciprocum
944 1013 1002 1075 est,
1026 1015 1063 1064 ut
1085 1001 1193 1064 Latini
1209 1001 1348 1068 vocant?
1364 1006 1449 1090 cogi·

188 1101 332 1166 tandum.

275 1207 309 1289 4)
331 1205 576 1290 Interrogativa‚
601 1220 637 1268 ut
658 1205 782 1273 liccem?
803 1205 868 1274 ito?
889 1205 1049 1272 hwilinan?
1071 1205 1186 1272 harad?
1208 1207 1447 1276 bruiliendera?

188 1307 419 1373 hwillccidero?

276 1414 310 1495 5)
344 1411 539 1496 possessiva,
573 1425 609 1474 ut
642 1415 718 1487 mitt,
755 1414 812 1496 iic,
846 1416 917 1492 sim
950 1415 1030 1490 rrtc'it,
1065 1417 1125 1491 titt,
1150 1417 1224 1493 siit,
1246 1416 1326 1494 wdr,
1350 1418 1450 1497 wdri,·

189 1517 292 1593 editor,
326 1517 450 1595 edbert;
481 1517 611 1602 antique
646 1518 754 1595 edict,
779 1518 962 1597 validior,
986 1519 1162 1583 autidbor.
1208 1519 1306 1584 Neut.
1330 1521 1466 1602 edituri,

189 1619 286 1701 idaci,
310 1620 363 1682 vel
386 1621 478 1684 irioni.
524 1621 599 1684 Not.
623 1620 701 1684 Haec
724 1634 799 1684 sunt
822 1621 982 1706 adjectiva
1004 1621 1250 1707 pronominalia.

276 1727 304 1788 6.
351 1723 405 1787 De
430 1723 583 1788 Genera
607 1725 904 1790 Pronominum.

276 1828 402 1890 Genera
424 1829 650 1913 pronominum
675 1843 750 1893 sunt
773 1843 919 1916 quatuor.

179 2005 182 2012 Α
277 1931 502 2007 Masculinum,
527 1945 562 1996 ut
584 1934 658 2016 bun,
682 1933 767 2018 quod
791 1948 914 1998 tantum
939 1934 1109 1998 masculini
1132 1935 1259 2019 generis
1284 1950 1342 2012 est,
1364 1937 1452 1999 ideo-

191 2056 253 2118 que
276 2049 363 2098 recte
388 2059 446 2121 pro
471 2050 547 2100 nota
570 2039 738 2102 masculini
761 2039 890 2124 generis
913 2038 947 2100 in
971 2038 1156 2102 nominibus
1180 2038 1360 2102 adhibetur.

277 2139 495 2218 Femininum,
518 2153 555 2202 ut
576 2141 647 2219 lton,
672 2145 756 2227 quod
781 2155 906 2206 tantum
930 2156 979 2206 est
1000 2143 1149 2206 feminini
1165 2143 1303 2228 generis,
1320 2145 1453 2230 ejusque

110 2237 112 2242 ¹
192 2256 269 2306 nota
292 2243 324 2304 in
349 2243 542 2308 nominibus.

278 2346 466 2423 Commune,
491 2362 526 2410 ut
556 2349 667 2433 siiilff,·
689 2350 808 2428 Manu,
838 2349 926 2414 deinc
948 2350 1020 2428 hdr,
1049 2349 1137 2414 deinc
1159 2351 1231 2434 cirin,
1258 2351 1346 2416 deinc
1368 2371 1453 2430 sorim

190 2449 298 2524 hinem,
338 2450 386 2534 lio,
424 2445 570 2536 hwilinan,
611 2453 712 2536 berar,
757 2476 830 2516 oum
865 2453 1062 2538 compositis,
1096 2456 1173 2531 min,
1208 2455 1264 2533 rm,
1288 2457 1350 2530 sin,
1373 2455 1455 2538 wdr,

192 2553 296 2617 enter.
554 2625 562 2636 ἱ
985 2547 989 2558 ’

217 2684 220 2698 ·
280 2657 452 2732 Neutrum,
473 2671 513 2720 ut
536 2659 624 2738 dart,
654 2661 768 2743 siutfft,
792 2661 893 2738 datto,
921 2661 1012 2726 utrm
1034 2661 1104 2738 hdr,
1134 2660 1302 2738 auritum
1318 2659 1455 2734 hwilltei,

192 2761 285 2825 barud
308 2783 380 2824 cum
410 2761 608 2845 compositis,
648 2763 762 2846 bwort,
795 2763 899 2839 imunt
921 2765 977 2830 orit
999 2770 1049 2843 att,
1079 2765 1254 2842 dortour,
1277 2763 1355 2829 doti
1376 2783 1454 2840 som,

191 2867 272 2938 mitt,
296 2868 357 2940 tit,
382 2867 453 2944 siit·
475 2865 568 2950 moiri,
592 2867 709 2932 edbert.

279 2967 393 3045 Omne,
428 2981 465 3031 ut
490 2969 583 3053 jorph,
619 2976 662 3053 itt,
697 2971 782 3054 si9b;
816 2970 961 3056 quaedam
985 2970 1097 3033 saltem
1122 2969 1154 3031 in
1179 2969 1295 3054 plurali
1318 2993 1454 3034 numero

193 3073 247 3135 vel
270 3071 409 3156 obliquis
434 3073 625 3157 quibusdam
650 3074 776 3138 casibus
800 3089 874 3138 sunt
898 3075 1001 3138 omnis
1023 3073 1170 3159 generis3
1195 3073 1313 3151 utute,
1329 3075 1456 3151 dieuco,

193 3176 303 3240 barura
326 3189 387 3240 etc.
1277 3175 1279 3178 ’

281 3281 310 3342 7.
357 3280 411 3343 De
436 3280 605 3345 Casibus
629 3281 922 3346 Pronominum.

282 3383 382 3448 Casus
412 3383 465 3449 hic
487 3385 598 3464 iidem,
622 3401 655 3450 et
678 3399 727 3450 tot
751 3401 834 3466 sunt,
859 3398 938 3472 quot
961 3385 995 3448 in
1019 3386 1160 3461 nomine,
1184 3385 1224 3450 de
1248 3387 1364 3471 quibus
1387 3409 1457 3474 sup.

196 3509 270 3572 pag.
294 3489 346 3553 35.

282 3591 350 3655 NB.
397 3591 460 3656 Sed
482 3615 546 3655 non
570 3591 678 3655 omnia
706 3591 896 3677 pronomina
920 3613 1031 3654 omnes
1055 3613 1145 3656 casus
1168 3589 1298 3676 habent,
1322 3605 1377 3656 aut
1400 3616 1458 3679 per

196 3718 307 3759 omncs
331 3719 422 3760 casus
445 3697 658 3773 declinantur,
682 3707 718 3758 ut
741 3716 783 3758 ex
806 3695 1080 3780 paradigmatibus
1104 3695 1220 3759 melius
1244 3711 1386 3782 apparet.

283 3801 312 3864 8.
359 3801 412 3864 De
436 3799 726 3864 Declinatione
749 3798 1084 3881 Pronominum.1)

284 3904 322 3967 ln
357 3905 601 3990 pronominibus
630 3903 753 3989 duplex
777 3904 832 3967 illa
856 3903 1108 3968 declinationum
1132 3903 1237 3968 forma
1258 3904 1292 3968 in
1321 3904 1459 3968 nomini·

198 4008 258 4072 bus
292 4021 432 4095 recepta,
467 4010 613 4073 absoluta
646 4026 678 4070 et
712 4009 903 4094 respectiva,
933 4009 1040 4072 locum
1064 4009 1258 4087 nonhabet,
1287 4009 1350 4072 nisi
1373 4011 1459 4095 quod

199 4112 232 4176 in
256 4113 455 4198 possessivis,
478 4135 548 4198 quae
571 4124 724 4196 utsupra
751 4112 873 4202 dictum
897 4127 972 4175 sunt
986 4113 1161 4198 adjectiva,
1184 4112 1328 4198 quaedam
1345 4135 1461 4198 prono-

199 4215 341 4300 minalia,
364 4218 545 4302 respectiva
567 4215 666 4279 flexio
690 4229 814 4279 tantum
838 4217 872 4278 in
895 4217 1013 4302 plurali
1037 4231 1192 4295 occurrat,
1217 4231 1253 4281 ut
1275 4219 1333 4284 dite
1354 4221 1460 4296 minor

199 4319 257 4383 dite
290 4321 385 4398 dium·
418 4322 476 4386 dire
509 4323 600 4397 aium·
623 4320 681 4384 dite
702 4320 812 4397 worm
834 4319 892 4384 olle
914 4320 1013 4385 odhra
1036 4335 1097 4384 etc.
1145 4321 1188 4386 Ut
1211 4323 1244 4384 in
1265 4321 1460 4407 nominibus,
1510 4351 1512 4355 ·

200 4421 246 4485 ita
279 4436 313 4486 et
346 4423 399 4486 hic
432 4424 502 4488 duae
537 4425 673 4487 diversae
706 4422 876 4506 flexiones,
912 4423 1074 4509 antiquior
1109 4439 1142 4488 et
1164 4425 1336 4510 recentior,
1360 4439 1462 4490 atten-

201 4525 314 4590 dendas
338 4539 423 4591 sunt.

273 4667 292 4734 ¹)
311 4669 506 4720 Pronominum
534 4664 737 4720 declinationes
764 4684 866 4733 magna
893 4684 927 4720 ex
952 4673 1032 4734 parts
1053 4674 1117 4719 sunt
1146 4669 1289 4732 anomalae,
1314 4674 1345 4720 ut
1364 4675 1392 4722 et
1410 4672 1462 4724 hoc

201 4770 236 4806 ex
253 4756 322 4822 ipsis
342 4759 583 4822 paradigmatibus
603 4771 714 4808 cernere
734 4757 824 4810 datur.
