3648 5696
516 470 603 534 Saxta
626 469 794 528 Declinatio
817 471 930 528 Formae
955 471 1146 548 Respeotivae.

290 657 327 720 In
351 659 381 722 ei.
462 648 469 654 ’
1017 656 1053 718 In
1076 662 1107 722 ci.

273 759 364 812 Flauio
383 761 531 830 Antiquior.
678 758 829 812 Recentior.
936 759 1026 812 Flexio
1044 757 1194 826 Antiquior.
1271 758 1420 812 Recentior.

291 846 380 932 Sing.
1019 844 1107 928 Sing.

204 947 298 1011 Nom.
322 952 429 1015 strddt
639 949 745 1013 strotdt
931 954 1028 1030 traicit,
1052 949 1151 1012 tradat
1231 951 1320 1012 trcto'tt

204 1049 284 1114 Gen.
308 1053 433 1120 strdctts
640 1055 768 1118 strdrtta
931 1055 1036 1116 trdrtts
1231 1053 1338 1114 trct'c‘r'ts

205 1151 288 1231 Dat,
302 1153 378 1217 Abl.
403 1157 473 1221 sim.
498 1182 584 1223 nom.
638 1156 708 1219 sim.
734 1178 819 1218 nom.
929 1159 1023 1220 troiae
1233 1153 1303 1216 sim.
1329 1175 1414 1214 norn.

205 1257 283 1319 Ace.
315 1257 384 1321 sim.
410 1283 494 1323 nom.
639 1259 708 1322 sim.
732 1282 818 1322 nom.
930 1256 1000 1320 sim.
1024 1279 1108 1319 norn.
1233 1255 1303 1318 sim.
1328 1276 1414 1316 nom.

291 1377 377 1441 Plur.
1017 1377 1105 1440 Plur.

204 1481 298 1544 Nom.
322 1483 573 1568 errassemus)
638 1485 748 1550 stratae
931 1485 1022 1546 troiae
1046 1481 1144 1564 (dota)
1233 1486 1325 1546 tritae

206 1582 285 1648 Gen.
310 1586 439 1651 strdoes
638 1588 765 1652 stiones
901 1579 904 1585 ’
931 1589 1043 1648 tritones
1233 1586 1343 1646 tro'r'aes

205 1686 288 1769 Dat,
314 1687 389 1750 Abl.
412 1688 483 1750 sim.
515 1711 600 1750 nom.
638 1690 707 1752 sim.
731 1711 816 1750 nom.
931 1688 1002 1750 sim.
1027 1709 1112 1750 nom.
1234 1685 1304 1748 sim.
1328 1705 1414 1745 nom.

205 1793 283 1853 Aac.
309 1791 378 1854 sim.
403 1813 487 1854 nom.
639 1793 708 1855 sim.
732 1813 818 1852 nom.
931 1790 1001 1854 sim.
1026 1813 1113 1854 nom.
1235 1785 1305 1848 sim.
1330 1801 1414 1846 nom.

290 1983 329 2046 In
352 1988 379 2048 ὃ.
1017 1979 1054 2041 In
1082 1984 1108 2044 ὃ.

292 2085 380 2168 Sing.
1018 2081 1103 2144 Plur.
1153 2135 1156 2140 .

205 2188 298 2250 Nom.
313 2188 406 2270 fro'o’t
630 2191 723 2274 froo't
921 2187 1024 2270 frdne
1223 2184 1324 2268 frona

205 2290 284 2354 Gen.
300 2291 410 2375 sro'o'ts
630 2293 740 2376 frodts
921 2291 1041 2373 srdroes
1225 2289 1342 2372 fronca

205 2393 288 2469 Dat,
302 2393 378 2456 Abl.
403 2393 472 2459 sim.
498 2416 583 2456 nom.
639 2395 708 2457 sim.
734 2417 818 2456 nom.
931 2391 1000 2454 sim.
1024 2415 1109 2456 nom.
1234 2391 1303 2452 sim.
1330 2412 1415 2452 nom.

206 2499 283 2558 Acc.
309 2495 378 2558 sim.
404 2518 487 2557 norn.
640 2497 709 2558 sim.
734 2519 820 2559 nom.
931 2496 1001 2557 sim.
1027 2517 1112 2558 nom.
1235 2493 1305 2554 sirn.
1330 2514 1415 2554 nom.

290 2686 327 2748 In
349 2709 371 2768 p
395 2699 505 2750 carent
528 2687 654 2770 plurali.

292 2787 381 2873 Sing.
1017 2789 1105 2852 Plur.
1131 2801 1228 2852 caret.

206 2891 300 2953 Nom.
326 2893 411 2975 btypt
637 2893 726 2976 blypt

206 2993 285 3056 Gen.
309 2995 413 3076 btpyts
639 2996 743 3078 btyyts

205 3094 289 3178 Dat,
321 3097 398 3160 Abl.
422 3097 491 3160 sim.
517 3120 603 3160 nom.
639 3098 709 3160 sim.
734 3122 819 3161 nom.

208 3201 286 3261 Aac.
314 3201 384 3262 sim.
409 3223 494 3262 nom.
639 3200 709 3262 sim.
734 3223 819 3263 nom.

291 3337 359 3400 NB.
407 3339 580 3401 Anomalia
614 3339 682 3400 sive
706 3339 843 3400 varietas
868 3337 1018 3399 flexionis
1041 3337 1074 3398 in
1099 3335 1224 3398 casibus
1247 3335 1342 3419 hujus
1367 3334 1464 3398 decli-

203 3442 342 3504 nationis
366 3443 399 3503 in
428 3443 506 3527 ipsis
530 3442 804 3526 paradigmatibus
829 3441 977 3526 exposita
1001 3429 1197 3516 estjiccirco
1220 3439 1273 3502 hio
1298 3461 1367 3501 eam
1392 3462 1464 3524 pro-

205 3567 326 3628 ponere
350 3546 609 3630 supersedemus.

696 3737 792 3800 Sexta
816 3737 985 3798 Declinatto

608 3856 754 3918 Formae
787 3855 1048 3940 Respectivae.

291 3975 367 4054 Quae
403 3989 453 4038 est
479 3977 661 4060 respectiva
689 3974 822 4037 inflexio
846 3975 1013 4038 nominum
1037 3989 1137 4038 sextae
1161 3973 1386 4037 declinationis
1411 3972 1464 4034 ab·

204 4080 326 4155 solutae,
349 4094 536 4142 neutrorum
552 4079 640 4157 soil„
663 4081 696 4141 in
720 4101 943 4164 quamcunque
968 4103 1140 4142 consonam
1164 4077 1339 4140 finitorum.

290 4183 453 4246 Nominat.
479 4184 560 4267 sing.
585 4183 675 4245 addit
698 4184 737 4245 ad
761 4183 915 4246 nominat.
940 4183 1122 4246 absolutum
1148 4183 1406 4244 terminationem
1425 4185 1462 4243 rt.

290 4285 460 4349 Genitivus
483 4288 564 4370 sing.
589 4287 680 4350 addit
702 4307 719 4350 a
742 4286 780 4347 ad
804 4285 959 4349 nominat.
983 4287 1063 4370 sing.
1088 4286 1184 4369 hujus
1206 4286 1329 4351 formae.

291 4390 427 4452 Dativus
457 4405 489 4452 et
512 4389 607 4453 ablat.
631 4391 711 4474 sing.
737 4389 914 4452 secundum
938 4392 1151 4452 recentiorem
1175 4388 1350 4451 flexionem
1376 4386 1462 4448 simi-

204 4495 250 4557 les
286 4510 361 4557 sunt
393 4495 558 4571 nominat,
581 4494 757 4557 secundum
794 4493 1007 4579 antiquiorem
1030 4516 1107 4556 vero
1131 4492 1321 4577 regulariter
1345 4490 1465 4552 desinit

204 4599 258 4660 vel
289 4599 322 4660 in
346 4620 373 4675 0,
397 4598 450 4660 vel
472 4599 504 4660 in
527 4620 549 4662 o
572 4598 645 4680 (ubi
667 4598 774 4660 statim
792 4611 956 4680 notamus,
981 4599 1193 4682 antiquiorem
1219 4617 1288 4658 esse
1312 4595 1462 4656 termina·

203 4701 325 4766 tionem
359 4701 453 4766 istam
487 4702 520 4765 in
544 4722 572 4785 0,
592 4723 687 4787 quam
710 4701 743 4762 in
767 4723 796 4766 a.
844 4701 905 4763 Illa
928 4702 961 4762 in
984 4701 1082 4786 legib.
1106 4700 1242 4765 vetustis
1271 4711 1304 4762 et
1330 4697 1463 4762 authen-
