3674 5694
517 487 561 544 De
585 487 842 548 Declinationibus
867 491 978 550 Formae
1001 491 1196 569 Respeotivae.

753 674 959 738 Anomala.

316 823 353 885 In
378 823 523 906 genitivo
547 824 712 910 singulari,
736 827 917 892 desinentia
940 831 972 893 in
995 853 1021 908 s,
1039 843 1076 894 ut
1092 855 1134 895 ex
1151 835 1370 920 paradigmate
1388 848 1486 920 patet.

228 927 321 1005 Quod
345 928 430 990 idem
456 928 581 990 obtinet
604 930 635 991 in
659 931 805 1014 genitivo
829 933 957 1018 plurali,
982 935 1036 1020 qui
1053 937 1209 1020 singulari
1232 953 1281 1001 est
1304 939 1428 1002 similia.

313 1032 350 1094 In
375 1031 483 1095 dativo
508 1046 540 1094 et
564 1033 705 1098 ablativo
729 1037 894 1121 singulari,
919 1039 1100 1102 desinentia
1123 1041 1156 1103 in
1172 1043 1204 1125 f,
1228 1065 1298 1127 quae
1323 1064 1351 1106 w
1374 1057 1447 1106 aute
1472 1068 1488 1108 c

227 1133 448 1220 interponunt,
482 1149 518 1198 ut·
554 1138 649 1222 brues,
684 1139 747 1206 dat.
784 1142 899 1225 breswc
924 1155 996 1226 ete,
1025 1144 1078 1206 vel
1103 1159 1332 1209 consonantem
1356 1146 1485 1210 finalem

227 1239 418 1302 nominativi
441 1241 617 1325 geminant,
642 1255 679 1306 ut
700 1266 783 1321 rum,
808 1245 871 1308 dat.
895 1268 1025 1315 ramme.

314 1343 351 1405 In
386 1345 584 1408 nominativo
619 1348 747 1431 plurali,
777 1371 847 1433 qum
871 1373 944 1412 curn
967 1350 1109 1414 formant
1131 1352 1164 1415 in
1187 1376 1232 1435 cr,
1257 1365 1289 1415 et
1312 1353 1408 1416 simul
1430 1377 1487 1416 vo-

228 1447 329 1510 calem
364 1449 555 1512 nominativi
583 1451 754 1535 singularis
779 1467 904 1516 mutant·
926 1455 958 1516 in
983 1455 1094 1532 aliam;
1119 1456 1165 1518 sic
1188 1479 1209 1520 a
1232 1457 1264 1520 in
1288 1462 1310 1521 ἄ
1333 1469 1485 1540 mutatur,

229 1563 264 1614 ut
288 1552 373 1627 laad,
398 1553 441 1636 pl.
466 1553 596 1631 loiadon
618 1556 640 1619 ἄ
662 1555 695 1617 in
718 1562 750 1631 a,
774 1570 810 1619 ut
833 1559 939 1632 stdnd,
964 1559 1008 1644 pl.
1032 1560 1173 1624 atc'tnder.

314 1657 350 1720 ln
375 1657 519 1740 genitivo
543 1658 669 1741 plurali,
693 1673 729 1723 ut
752 1683 821 1746 sup.
845 1674 1001 1726 notatum.

314 1761 351 1824 In
376 1753 484 1824 dativo
508 1775 540 1824 et
564 1763 704 1826 ablativo
728 1765 854 1850 plurali,
882 1789 952 1850 quae
975 1766 1021 1829 ibi
1044 1766 1305 1852 interponuntur
1329 1781 1402 1830 ante
1425 1790 1485 1852 om,

228 1876 264 1926 ut
298 1864 393 1947 trees,
428 1863 490 1927 dat.
521 1865 688 1949 brrffwow
710 1869 854 1952 quaedam
877 1869 1089 1954 interponunt
1111 1873 1124 1936 i
1146 1883 1219 1935 ante
1243 1892 1302 1954 om,
1324 1883 1360 1933 ut
1381 1873 1486 1950 wc‘t'db,

229 1967 292 2030 dat.
316 1968 490 2047 matathiam
512 1969 623 2047 stator,
648 1970 712 2035 dat.
736 1972 896 2051 sturiam
919 1977 1007 2051 nott,
1023 1974 1076 2036 vel
1091 1975 1179 2052 nott,
1193 1975 1256 2039 dat.
1269 1975 1411 2040 arithiam
1424 1987 1484 2039 etc.

373 2265 402 2331 3.
449 2266 504 2328 De
528 2265 886 2331 Declinationibus
909 2267 1055 2332 Formae
1079 2267 1340 2354 Respeotivae.

314 2422 432 2485 Forma
465 2421 645 2508 respectiva
679 2436 728 2487 est
761 2425 926 2488 nominum
956 2425 1229 2488 substantivorum
1262 2424 1295 2487 in
1319 2447 1414 2488 sensu
1437 2448 1486 2488 re·

229 2526 384 2611 spectivo,
419 2549 482 2611 quo
516 2542 698 2611 respectum
733 2528 905 2592 involvunt
932 2528 971 2592 ad
996 2529 1083 2592 aliud
1107 2528 1196 2613 quid,
1220 2528 1486 2611 puta-effectum,

228 2631 281 2692 vel
315 2631 474 2713 accidens,
509 2643 564 2694 aut
598 2632 711 2694 saltem
749 2655 949 2718 consequens
984 2632 1061 2718 quid
1086 2634 1156 2715 ejus
1180 2632 1238 2710 rei,
1262 2655 1331 2716 quae
1354 2634 1486 2696 nomine

228 2734 290 2796 isto
323 2734 527 2819 exprimitur,
562 2735 629 2798 sive
664 2736 864 2812 affirmative,
900 2737 967 2799 sive
1002 2736 1154 2819 negative
1179 2729 1221 2798 de
1242 2736 1298 2798 illa
1320 2737 1487 2800 enunciari

228 2838 338 2923 possit.
386 2837 439 2901 Sic
470 2859 497 2900 e.
528 2860 557 2923 g.
581 2861 653 2901 oum
678 2839 751 2903 dico
774 2861 859 2913 maa,
883 2840 935 2902 vel
959 2861 998 2904 ert
1019 2861 1104 2922 mart,
1127 2862 1193 2902 vox
1215 2839 1272 2901 illa
1295 2839 1487 2923 simpliciter

227 2964 295 3004 rem
331 2941 473 3018 denotat,
508 2965 568 3005 nec
601 2942 734 3027 respicit
763 2943 883 3028 aliquid
908 2943 995 3006 aliud
1018 2943 1113 3027 (licet
1135 2943 1180 3005 ita
1203 2964 1330 3026 qnoque
1355 2942 1487 3006 formari

229 3045 413 3108 enunciatio
448 3059 554 3129 queat,
588 3058 625 3107 ut
654 3045 693 3107 de
716 3045 772 3108 illa
793 3069 825 3108 re
850 3047 971 3132 aliquid
996 3046 1171 3109 affirmetur
1193 3045 1247 3108 vel
1270 3057 1418 3130 negetur,
1451 3060 1487 3108 ut

228 3170 266 3214 en
299 3169 375 3213 man
406 3152 447 3212 ἄν
479 3149 721 3230 fflratolndipare
753 3156 798 3215 ‹t'a
830 3171 868 3214 ea
890 3150 1038 3232 quiana),
1062 3149 1119 3211 sed
1144 3172 1216 3212 cum
1241 3147 1313 3210 dico
1338 3169 1487 3233 mannen,

227 3252 335 3315 statim
370 3252 427 3315 illa
459 3252 529 3337 ipsa
566 3276 630 3316 vox
663 3253 801 3316 involvit
835 3266 1017 3337 respectum
1048 3251 1087 3314 ad
1111 3252 1188 3337 quid
1212 3251 1311 3328 aliud,
1335 3251 1421 3337 quod
1446 3252 1487 3315 de

226 3377 363 3421 mannen
397 3356 573 3419 affirmetur
595 3357 649 3419 vel
671 3371 819 3441 negetur,
842 3357 1064 3442 qualecunque
1089 3356 1219 3418 demum
1243 3355 1325 3418 illud
1349 3355 1400 3419 sit.

314 3458 361 3522 Ut
389 3459 476 3544 prior
509 3460 565 3523 illa
590 3460 695 3523 forma
718 3459 866 3523 omnibus
890 3459 1074 3522 nominibus
1098 3459 1307 3522 substantivis
1331 3473 1380 3521 est
1403 3482 1488 3522 corn·

227 3566 343 3646 munis,
366 3565 412 3626 ita
435 3564 502 3627 haec
525 3587 663 3649 quoque.
704 3563 819 3627 Omnia
843 3564 929 3626 enim
952 3564 1083 3626 nomina
1106 3562 1307 3626 substantiva
1333 3563 1429 3626 etiam
1453 3563 1486 3626 in

226 3667 286 3730 hac
309 3667 412 3730 forma
436 3667 611 3730 flectuntur
634 3691 671 3731 ae
694 3667 906 3731 declinantur.
953 3665 1233 3746 Quemadmodum
1256 3689 1384 3751 quoque
1400 3666 1487 3729 istaeo

226 3770 330 3834 forma
353 3771 500 3836 absoluta
522 3772 700 3857 simplicior
724 3785 783 3850 est,
805 3771 851 3834 ita
874 3771 971 3834 etiam
995 3771 1056 3833 ista
1073 3770 1237 3855 primitiva
1253 3769 1393 3846 eeahaec
1410 3791 1487 3832 vero

227 3875 266 3936 ab
289 3875 346 3938 illa
369 3875 526 3939 formatur
549 3897 585 3940 ao
608 3875 700 3960 quasi
723 3875 897 3940 derivatur.

426 4149 478 4212 De
503 4148 765 4211 Formatione
789 4149 958 4212 Casuum
981 4149 1020 4211 in
1043 4147 1115 4212 hac
1139 4149 1287 4213 Forma.

313 4303 367 4365 De
391 4302 650 4366 Nominativo
674 4302 892 4387 Singulari.

313 4405 484 4469 Formatur
511 4405 568 4468 ille
591 4427 720 4491 semper
743 4429 760 4470 a
783 4407 982 4471 nominativo
1006 4407 1162 4492 singulari
1184 4408 1296 4470 formae
1319 4405 1490 4487 absolutae,

226 4509 353 4593 adjecta
375 4509 414 4571 ad
438 4507 535 4571 finem
559 4510 751 4573 nominativi
773 4511 861 4573 illius
883 4511 1110 4574 terminatione
1128 4513 1203 4574 huic
1218 4511 1330 4574 formae
1347 4509 1490 4594 propria,

225 4614 259 4675 in
294 4613 478 4676 masculinis
507 4613 638 4698 quidem
663 4629 696 4676 et
718 4613 883 4678 femininis
907 4637 955 4698 ert,
978 4615 1012 4677 in
1036 4616 1159 4679 neutris
1183 4636 1260 4677 vero
1284 4620 1334 4692 et,·
1358 4613 1411 4675 vel
1434 4617 1489 4692 dra,

226 4732 323 4804 atque
346 4721 381 4781 dt
404 4717 474 4801 (vel
497 4717 571 4800 ridle,
593 4729 630 4778 ut
652 4716 812 4806 Buraeus).
