3648 5696
617 492 661 549 De
686 491 782 550 Prima
806 487 1029 567 Coujugatione.

451 673 637 761 imperf.
661 687 699 739 et
721 673 914 738 Praeterit.
940 673 1174 737 Definitum.
1275 669 1276 672 ’

278 795 366 880 Sing.
387 797 434 878 pri
455 797 536 881 atat,
560 818 577 863 ο
600 801 656 862 att.
909 795 996 860 Plur.

193 899 219 961 l.
242 897 309 980 Jagr
331 899 428 963 mdtte
831 896 895 981 Wij
918 899 1014 962 mdtte

190 1001 219 1061 2.
248 998 295 1063 Tu
317 1001 413 1066 mdffe
826 999 962 1063 Imttte

189 1101 218 1164 3.
244 1100 323 1167 Hora
344 1105 441 1168 aadtte
825 1101 889 1166 ate
911 1101 1008 1166 mdtte

543 1357 600 1422 De
622 1354 757 1420 Prima
780 1353 1102 1440 conjugatione.

603 1515 629 1576 1.
676 1511 732 1574 De
755 1511 901 1575 Activa
927 1512 1043 1576 Voce.

277 1669 384 1732 Prima
408 1669 603 1753 conjugatio,
626 1680 663 1731 ut
682 1689 778 1752 supra
801 1689 928 1752 quoque
952 1667 1042 1752 (pag.
1070 1668 1146 1752 124)
1169 1667 1376 1752 indigitatum
1395 1677 1454 1748 eat,

190 1775 282 1858 eujus
316 1771 496 1836 infinitivus
531 1771 650 1835 desinit
673 1773 706 1834 in
729 1793 761 1854 u,
785 1771 853 1834 sive
877 1792 898 1834 a
921 1769 1003 1834 illud
1027 1770 1187 1856 praecedat
1210 1791 1360 1852 consona,
1385 1769 1453 1832 sive

190 1877 321 1940 vocalis.
366 1875 564 1951 Consonans,
600 1887 636 1938 ut
670 1897 696 1938 e.
731 1896 763 1960 g.
798 1897 856 1959 per
890 1895 1001 1937 omnes
1035 1873 1199 1959 alphabeti
1229 1885 1453 1950 consonantes,

188 1981 322 2056 drubbo,
354 1979 483 2054 blanda,
517 1981 646 2062 atraffa,
681 1978 787 2062 lupia,
817 1978 924 2061 lappa,
948 1977 1061 2054 baubo,
1084 1977 1185 2062 tutta,
1209 1982 1308 2053 admo,
1331 1977 1453 2052 wittae,

187 2067 286 2166 ραρα,
309 2082 424 2159 haara,
448 2081 564 2164 eadee,
588 2081 692 2160 uelato,
715 2081 834 2165 bufam,
851 2083 958 2164 flaua,
981 2081 1111 2146 dotatae.

272 2184 416 2266 Vooalis,
438 2182 495 2246 ubi
517 2183 779 2268 frequentissime
804 2183 934 2268 quidem
958 2183 1097 2247 occurrit
1113 2186 1136 2261 i,
1153 2205 1351 2269 quaeeunque
1375 2206 1452 2247 eon·

189 2308 267 2350 sona
296 2289 308 2351 ι’
334 2286 417 2350 illud
451 2285 627 2370 praeeedat3
652 2297 738 2348 ute.
762 2307 793 2370 g.
817 2307 876 2373 per
899 2285 1045 2349 ordinem
1070 2283 1322 2369 alphabeticum,
1342 2287 1452 2369 papia.

180 2389 296 2474 flabia,
327 2389 434 2472 pidia,
463 2390 580 2465 ramae,
603 2389 723 2464 striata,
748 2388 870 2471 ῑᾶρρόα,
893 2389 995 2470 torta,
1019 2387 1143 2462 brissia,
1167 2391 1281 2472 πρηέα,
1304 2387 1453 2471 aleluia·

187 2491 241 2554 vel
274 2491 405 2564 vocalis,
434 2502 471 2553 ut
488 2491 590 2574 satjai,
614 2490 712 2572 adaja,
728 2490 836 2572 fldt'ja.
883 2487 997 2552 Rarius
1020 2511 1097 2552 vero
1121 2489 1184 2552 alia
1205 2489 1344 2554 vocalis:
1367 2511 1392 2566 e,
1416 2501 1453 2552 ut

188 2614 255 2672 aaa,
278 2594 377 2678 antiq.
402 2614 460 2676 pro
484 2612 534 2656 aaa
556 2591 641 2676 (cap.
668 2593 686 2656 6
709 2589 763 2655 fin.
789 2593 871 2676 Byg.
895 2592 962 2654 LL.
987 2612 1014 2668 o,
1031 2603 1067 2654 ut
1084 2612 1153 2668 roa,
1173 2593 1263 2671 brea,
1279 2593 1338 2658 boo
1354 2592 1452 2677 antiq.

189 2717 247 2779 pro
271 2696 342 2772 b003
367 2696 392 2777 ij
414 2706 451 2758 ut
472 2694 542 2776 ἄρα
565 2693 663 2778 antiq.
686 2716 755 2779 pro.
779 2695 836 2778 dij,
860 2695 952 2758 Matt.
977 2696 1019 2757 24
1041 2717 1071 2756 v.
1099 2694 1153 2770 19;
1173 2716 1204 2778 ρ,
1220 2705 1257 2757 ut
1264 2695 1338 2777 slya
1353 2693 1451 2778 antiq.

187 2819 246 2882 pro
262 2786 333 2880 βψ·
355 2801 387 2880 d,
410 2809 447 2860 ut
468 2796 557 2861 laada
578 2817 666 2880 genu
689 2795 837 2872 flectere3
861 2802 888 2880 ὃ,
913 2801 1033 2872 utilia,
1058 2794 1145 2858 idem
1169 2795 1255 2880 quod
1278 2796 1366 2878 tdijo.

551 3050 607 3112 De
631 3049 832 3118 Praesente
855 3049 1094 3128 Indioativi‚

482 3153 616 3238 ejusque
640 3151 868 3216 terminatione
890 3164 923 3216 et
945 3151 1148 3216 formatione.

275 3256 403 3320 Desinit
424 3255 505 3320 illud
528 3255 562 3317 in
585 3253 645 3317 hae
668 3254 895 3339 conjugatione
919 3257 973 3319 vel
995 3256 1028 3318 in
1052 3276 1102 3330 ar,
1126 3255 1179 3318 vel
1201 3256 1234 3318 in
1250 3279 1294 3322 er.
1334 3257 1372 3320 In
1398 3277 1449 3334 dr,

190 3359 258 3423 sive
281 3357 461 3422 infinitivus
485 3355 612 3419 desinat
634 3355 667 3418 in
690 3377 712 3420 o
730 3357 901 3442 impurum,
919 3359 1010 3443 cujus
1027 3357 1178 3442 exempla
1193 3357 1338 3442 quaedam
1354 3359 1452 3422 modo

187 3461 353 3538 recensui3
388 3460 457 3523 sive
491 3457 525 3521 in
558 3479 580 3522 a
614 3481 741 3544 purum,
777 3462 868 3546 eujus
897 3461 1012 3524 itidem
1036 3459 1187 3544 exempla
1209 3461 1364 3524 nonnulla
1381 3463 1450 3546 jam
1529 3493 1531 3496 ·

188 3577 263 3628 sunt
296 3562 465 3629 recensita.
511 3560 647 3640 Quando
681 3583 758 3625 vero
793 3562 827 3625 in
850 3583 900 3640 av,
925 3573 958 3627 et
980 3561 1109 3644 quando
1132 3561 1166 3624 in
1188 3583 1224 3626 er
1247 3563 1450 3640 terminetur,

189 3689 231 3730 ex
253 3688 313 3730 usu
337 3663 538 3729 discendum.
583 3663 666 3727 Nam
690 3686 774 3749 saepe
797 3663 950 3728 infinitivi
974 3664 1069 3748 plane
1093 3663 1214 3726 similes
1238 3664 1320 3726 alter
1343 3665 1376 3726 in
1399 3685 1450 3748 or,

188 3770 269 3833 alter
301 3790 379 3832 vero
413 3767 446 3830 in
482 3789 518 3833 er
550 3787 689 3852 praesens
722 3767 891 3831 indicativi
914 3789 957 3830 ex
980 3787 1013 3830 se
1038 3772 1188 3828 formant:
1214 3765 1261 3829 sie
1284 3787 1311 3830 e.
1335 3789 1361 3830 c.
1385 3768 1450 3852 pri-

189 3895 287 3950 mum,
314 3872 348 3934 in
371 3869 540 3933 infinitivis
564 3868 786 3932 desinentibus
810 3870 843 3934 in
866 3892 887 3935 a
910 3871 1083 3954 impurum,
1107 3869 1140 3930 in
1164 3869 1207 3932 du
1228 3869 1281 3931 vel
1313 3869 1387 3946 atta,
1414 3883 1451 3934 ut

189 3974 288 4050 liade,
323 3993 473 4058 praesens,
500 3973 563 4054 ρἀρ
598 3970 725 4048 liudem
759 3973 866 4046 biuda,
895 3995 986 4058 praes.
1002 3973 1066 4054 ρἀρ
1088 3971 1215 4048 diadem
1237 3971 1336 4054 dada,
1359 3995 1448 4056 praee.

181 4077 248 4158 ρἀρ·
276 4076 401 4154 dadum
435 4074 550 4150 adadu,
585 4093 676 4157 praes.
703 4073 766 4156 ρἀρ
798 4075 937 4154 sanaem
965 4073 1086 4157 tauta,
1109 4094 1200 4157 praes.
1218 4075 1280 4156 ράρ
1302 4075 1450 4156 bdellium

189 4178 301 4261 lia‘dba,
335 4199 426 4263 praes.
464 4176 597 4258 tantem
630 4175 743 4241 didita.
778 4199 868 4262 praea.
898 4177 959 4260 ρἀρ
982 4175 1120 4253 dottam
1138 4176 1255 4258 fddbu,
1279 4200 1369 4262 praes.
1387 4179 1449 4260 ρἀρ

49 4263 54 4269 ’
180 4280 300 4365 fiditer
323 4291 384 4343 eto.
428 4279 466 4343 In
486 4299 531 4361 ρα
553 4278 606 4341 vel
627 4278 702 4362 pha,
725 4289 762 4341 ut
784 4281 884 4363 liupo,
903 4300 994 4364 prees.
1003 4279 1065 4360 ρἀρ
1082 4279 1212 4360 idapem
1227 4281 1344 4362 etiayn,
1357 4301 1448 4364 prees.

187 4383 327 4464 aliquem
360 4381 457 4463 lapda
490 4402 580 4466 praes.
608 4382 671 4464 ρ’ρρ
705 4381 839 4464 taphum
872 4379 1007 4464 danphet,
1036 4401 1125 4464 praes.
1144 4382 1205 4462 ρἀρ
1227 4381 1365 4463 druyber
1388 4393 1449 4446 ete.

188 4484 227 4548 In
237 4485 262 4567 ¹)
285 4486 329 4567 ia,
352 4496 390 4546 ut
411 4486 524 4568 audio,
548 4505 638 4568 praes.
658 4485 720 4567 ρἀρ
742 4486 884 4568 uptta'am
907 4485 999 4549 sittio
1022 4504 1112 4568 praes.
1130 4481 1215 4564 jopia
1229 4483 1450 4568 sittemfialussa
1475 4478 1479 4484 ⁴

260 4655 279 4715 ¹)
299 4657 351 4707 Per
377 4657 589 4709 festinationem
608 4659 724 4722 irrepsit
742 4660 795 4710 hoe
814 4660 977 4723 exemplum,
998 4660 1074 4727 quod
1094 4659 1130 4714 ad
1150 4659 1233 4715 aliam
1254 4659 1369 4719 ‚classem
1389 4677 1448 4738 per·

187 4745 269 4806 tinet,
292 4757 386 4798 eorum
406 4745 480 4818 quod
499 4741 665 4807 infinitivum
683 4744 788 4803 habent
806 4745 836 4803 in
847 4742 891 4815 ja.
