3648 5696
339 497 399 554 106
679 496 726 553 Er.
747 496 897 554 Aurivillii
921 496 1117 554 Grammaticis
1140 496 1277 554 Sveeane.

337 679 552 741 communiter
575 702 639 742 non
662 679 837 742 flectuntur
860 679 923 742 nisi
946 680 978 742 in
996 679 1196 744 nominativo
1211 679 1339 764 plurali,
1352 681 1448 764 juxta
1468 678 1597 762 regulas

332 785 400 866 jam
435 783 567 846 traditas
603 785 689 868 (pag.
728 785 797 864 103,
832 784 918 862 104),
954 805 1065 846 omnes
1089 805 1165 845 vero
1189 783 1338 868 obliquos
1362 804 1453 846 casus
1476 781 1597 845 habent

336 887 459 949 similes
483 886 683 950 nominativo
707 888 740 949 in
763 898 900 970 utroque
924 909 1068 948 numeru.

422 989 548 1074 Excipe
574 993 600 1053 1.
647 989 824 1053 Vocativus
860 1001 966 1052 tamen
1001 989 1196 1074 peculiarem
1222 987 1275 1051 hic
1297 988 1473 1051 flexionem
1498 987 1596 1051 habet

335 1093 368 1155 in
393 1115 418 1172 e,
441 1092 539 1178 idque
568 1093 600 1155 in
625 1107 761 1178 utroque
786 1115 931 1176 numero,
955 1106 991 1155 ut
1014 1115 1110 1178 supra
1133 1092 1287 1155 traditum
1313 1114 1384 1176 pag.
1413 1094 1469 1156 101
1497 1103 1530 1154 11
1553 1113 1596 1153 ex

338 1197 557 1281 paradigmate
581 1195 633 1259 hic
657 1197 800 1281 adparet.

422 1300 549 1386 Excipe
579 1302 608 1364 9.
654 1300 820 1363 Interdum
857 1299 964 1382 etiarn,
987 1299 1115 1384 quando
1139 1298 1273 1361 seorsim
1297 1322 1315 1361 a
1338 1298 1539 1361 substantivo
1563 1311 1598 1360 et

337 1415 486 1466 concrete
516 1417 689 1488 ponuntur,
714 1403 850 1487 genitivi
874 1403 1045 1487 singularis
1070 1415 1102 1464 et
1125 1401 1258 1486 pluralis
1281 1401 1457 1464 flexionem
1482 1401 1596 1464 admit·

337 1519 421 1590 tunt,
450 1506 490 1569 de
514 1529 577 1591 quo
601 1531 670 1592 sup.
696 1508 792 1570 etiam
817 1529 889 1591 pag.
916 1508 986 1570 103.

424 1663 473 1725 De
498 1661 637 1724 Forma
660 1661 919 1746 Respectiva.

422 1767 523 1850 Cujus
547 1766 685 1850 signum,
710 1767 801 1829 utin
825 1766 1044 1838 substantivis,
1069 1765 1114 1828 ita
1138 1779 1171 1828 et
1194 1765 1255 1838 hic,
1279 1778 1329 1828 est
1345 1765 1499 1828 articulus
1517 1767 1599 1830 dhea

337 1883 370 1932 et
391 1871 471 1935 111111.
517 1869 794 1948 Quemadmodum
819 1871 853 1932 in
877 1870 1041 1954 superiore
1065 1869 1178 1946 forma,
1201 1871 1246 1931 ita
1268 1867 1321 1932 hic
1344 1873 1440 1932 etiarn
1459 1869 1598 1954 duplicis

336 1973 499 2050 flexionis,
524 1973 713 2058 antiquioris
738 1986 770 2036 et
792 1972 993 2050 recentioris,
1016 1972 1098 2035 ratio
1121 1971 1279 2038 habenda.

421 2077 496 2140 Not.
542 2076 603 2138 Hie
638 2077 775 2161 amplius
811 2075 1004 2160 exponenda
1033 2089 1082 2138 est
1105 2076 1254 2138 formatio
1277 2077 1464 2158 respectivae
1487 2076 1598 2140 formae

337 2179 377 2242 ab
400 2179 547 2243 absoluta
570 2179 745 2242 secundum
771 2202 882 2242 omnes
906 2179 1149 2242 terminationes
1173 2179 1418 2264 adjectivorum,
1432 2203 1529 2265 supra
1543 2203 1600 2264 po-

291 2329 294 2335 .
337 2283 414 2346 sitas
437 2305 511 2368 pag.
536 2284 588 2366 95,
612 2283 664 2366 96,
689 2285 741 2349 97.

425 2437 479 2500 De
503 2438 751 2523 Antiquiore
776 2437 988 2501 Flexione.

427 2541 474 2603 De
509 2543 717 2605 Formatione
753 2565 883 2605 casuum
906 2540 1001 2625 hujus
1025 2541 1175 2604 flexionis
1199 2565 1240 2605 ex
1264 2543 1468 2607 celeberrimi
1492 2543 1599 2606 Buraei

339 2644 464 2707 Tabula
498 2644 739 2709 Grammaticali
773 2660 805 2707 et
839 2644 1113 2730 paradigmatibus
1146 2645 1185 2708 ab
1218 2669 1257 2708 eo
1282 2647 1394 2730 positis
1418 2647 1464 2710 sic
1488 2647 1600 2730 colligi

341 2761 458 2834 potest.

423 2853 649 2916 Nominativus
685 2853 855 2938 singularis
889 2851 985 2936 hujus
1009 2850 1120 2915 formae
1146 2876 1164 2916 a
1193 2877 1279 2917 nom.
1310 2853 1465 2938 singulari
1490 2853 1601 2916 formae

340 2955 494 3020 absolutae
519 2956 687 3020 formatur.

424 3061 553 3123 Desinit
587 3073 694 3122 autem
728 3059 761 3121 in
795 3058 961 3122 masculin.
997 3061 1029 3121 t'n
1063 3081 1089 3135 a,
1119 3059 1339 3144 formaturque
1364 3083 1382 3122 a
1404 3083 1490 3122 nom.
1516 3059 1600 3144 sing.

338 3165 486 3228 absoluto
510 3165 636 3248 adjecto
660 3165 692 3226 in
716 3163 779 3225 fine
803 3185 828 3240 1,
852 3163 885 3224 in
909 3162 1055 3226 feminin.
1080 3164 1113 3225 in
1137 3186 1168 3241 a,
1193 3163 1320 3247 adjecto
1343 3163 1499 3226 videlicet
1521 3185 1543 3228 a
1560 3163 1599 3226 ad

338 3291 423 3330 nom.
459 3268 541 3351 sing.
576 3267 675 3330 absol.
722 3267 760 3330 In
795 3265 918 3328 neutris
953 3267 1050 3328 etiam
1084 3267 1118 3328 in
1147 3289 1177 3342 a,
1203 3279 1326 3330 mutato
1351 3257 1421 3330 1011.Ι
1444 3273 1455 3330 1
1479 3267 1601 3330 nomin.

338 3371 478 3433 absoluti
500 3371 533 3432 in
558 3393 588 3434 u.
634 3371 687 3432 Sic
710 3371 789 3433 Luc.
814 3372 844 3432 2:
868 3393 897 3432 v,
922 3371 974 3446 35,
997 3371 1183 3453 1111111191,
1207 3393 1265 3455 pro
1289 3371 1405 3452 11111911.

423 3473 594 3536 Genitivus
628 3474 799 3558 singularis
834 3473 954 3536 desinit
987 3475 1020 3536 in
1050 3495 1077 3556 8,
1101 3473 1321 3558 formaturque
1346 3473 1535 3538 addendos
1559 3475 1598 3536 ad

339 3601 424 3641 nom.
449 3578 655 3662 singularem.
694 3577 790 3641 Unde
807 3577 1056 3641 masculinorum
1074 3578 1108 3640 in
1125 3601 1159 3643 es
1174 3579 1244 3661 (vel
1259 3582 1308 3651 ds,
1320 3579 1416 3661 juxta
1434 3577 1601 3661 Buraeum)
1689 3637 1694 3644 .

340 3681 486 3744 feminin.
511 3695 544 3744 11
566 3695 654 3745 neut.
678 3682 712 3743 in
735 3702 782 3745 ue.

426 3785 561 3848 Dativus
597 3797 630 3848 et
658 3785 720 3848 abl.
744 3783 926 3869 singularis,
950 3785 1117 3847 masculis.
1143 3797 1175 3847 et
1198 3784 1311 3846 femin.
1335 3783 1368 3845 in
1393 3805 1424 3858 a,
1449 3795 1538 3845 neut.
1567 3783 1601 3846 in

340 3910 357 3952 0
381 3888 532 3951 formatio
556 3901 655 3973 patet.
1345 3887 1346 3890 ¹

426 3994 642 4055 Accusativus
667 3991 839 4076 singularis
863 3991 896 4053 in
920 4014 941 4055 a
965 4015 1022 4076 per
1046 3991 1106 4054 tria
1128 4013 1256 4076 genera.

426 4095 586 4158 Vocativo
610 4111 707 4176 caret,
732 4094 823 4156 utin
847 4095 1056 4158 substantivis
1079 4095 1174 4178 hujus
1191 4094 1311 4157 formae.
1346 4095 1519 4157 Rationem
1535 4093 1604 4156 vid.

340 4222 410 4283 sup.
435 4221 508 4284 pag.
532 4201 583 4262 75.

427 4303 655 4367 Nominativus
673 4303 756 4388 plur.
779 4303 893 4365 similis
920 4303 1120 4365 nominativo
1147 4301 1304 4386 singulari
1319 4325 1377 4386 per
1394 4293 1464 4364 tria
1472 4323 1604 4386 genera.

429 4407 599 4471 Genitivus
635 4405 767 4490 pluralis
800 4406 914 4468 similis
948 4406 1093 4490 genitivo
1128 4406 1284 4490 singulari
1307 4428 1365 4500 per
1389 4405 1452 4466 tria
1475 4427 1606 4488 genera.

340 4512 510 4575 Interdum
540 4525 648 4574 tamen
672 4511 704 4572 in
728 4532 749 4573 a
772 4524 807 4571 ut
830 4531 914 4594 saepe
938 4510 971 4572 in
995 4510 1063 4573 LL.
1088 4513 1230 4592 lweqyt'a,
1255 4511 1387 4592 trepyia,
1413 4522 1446 4573 et
1469 4509 1502 4570 in
1527 4532 1605 4571 oon-

342 4617 417 4680 fess.
442 4615 536 4684 Fidei
560 4618 676 4708 Apost.
700 4614 793 4696 helya
815 4634 946 4680 muana.
