3674 5694
481 539 525 598 De
549 537 806 597 Declinationibus
829 538 943 596 Formae
968 537 1069 598 Absol.
1093 539 1231 597 Pluralis.
1445 539 1486 598 43

312 723 340 788 3.
386 722 510 785 Neutra
534 723 641 786 omnia
663 721 695 784 in
717 745 890 786 consonam
916 723 1098 787 desinentia
1121 747 1185 787 non
1208 724 1384 788 flectuntur
1400 723 1487 809 quic-

226 847 321 909 quam
354 825 388 888 in
422 849 506 888 nom.
532 826 659 911 plurali,
684 827 741 889 sed
765 839 897 890 manent
920 841 954 890 ut
977 827 1011 890 in
1035 827 1200 912 singulari.
1247 828 1409 912 Exempla
1433 826 1487 890 ob·

225 929 277 991 via
311 942 399 1005 sunt3
435 943 468 992 et
501 929 606 992 videri
639 930 793 993 nonnulla
826 943 961 1015 possunt
995 952 1065 1016 sup.
1089 954 1161 1016 pag.
1188 935 1229 997 29
1253 931 1332 1014 Reg.
1356 931 1437 995 Gen.
1461 931 1485 994 l.

226 1033 353 1118 Excipe
376 1034 518 1116 atdader,
542 1035 665 1117 ldader,
689 1034 729 1097 de
753 1035 869 1120 quibus
894 1035 991 1097 etiam
1016 1035 1113 1120 paulo
1137 1049 1221 1100 ante.

310 1139 339 1199 4.
386 1137 510 1200 Neutra
532 1137 677 1221 quaedam
712 1138 808 1201 etiam
835 1139 928 1223 plane
953 1151 1063 1202 carent
1080 1139 1197 1224 plurali
1214 1162 1360 1218 numero,
1377 1161 1486 1224 quern-

226 1238 398 1302 admodum
425 1240 464 1302 de
489 1241 674 1304 masculinis
699 1255 732 1304 et
754 1242 919 1304 femininis
944 1255 992 1304 est
1020 1242 1159 1306 dictum:
1189 1243 1242 1306 Sic
1268 1243 1487 1326 ltlt'bb,sltabb,

224 1343 351 1420 strata,
388 1345 533 1423 tilstciad,
566 1346 664 1426 pairh
697 1346 797 1429 treas,
825 1347 904 1428 raas
931 1346 1022 1430 Ιιοοχ,ο
1046 1347 1139 1428 balaga,
1163 1346 1278 1428 tardae,
1302 1347 1406 1428 tedae,
1431 1367 1488 1428 pro

225 1447 427 1528 trdaqmdlal;
447 1448 519 1531 qttj,
543 1459 577 1511 et
596 1449 750 1534 pleraque
768 1449 875 1512 omnia
891 1449 923 1511 in
940 1451 966 1531 ἐφ’
983 1449 1173 1532 desinentia,
1186 1471 1321 1534 quorum
1337 1449 1488 1533 exempla

226 1550 291 1614 vid.
328 1573 398 1635 sup.
435 1574 508 1636 pag.
537 1553 593 1628 33;
617 1553 696 1626 solla,
721 1553 831 1630 smollr,
850 1553 944 1635 poelt,
968 1553 1064 1628 treola,
1089 1553 1187 1630 stadie,
1211 1553 1300 1630 brak,
1325 1553 1405 1630 lael,
1428 1557 1488 1616 att·

228 1655 309 1736 lusit,
334 1655 505 1737 demetere,
529 1655 631 1734 tobel,
656 1656 756 1730 amalr,
778 1656 836 1738 ὄόῐ,
860 1657 1013 1740 straswal,
1038 1657 1139 1732 mrdll,
1160 1657 1239 1738 gall,
1263 1657 1387 1734 slvrddl,
1410 1657 1488 1732 solil,

224 1759 325 1835 rata,
361 1759 470 1836 arctet,
505 1760 580 1842 typi,
614 1761 691 1836 roll,
718 1760 818 1842 frall,
849 1761 923 1843 fioll
952 1775 1014 1824 etc.
1038 1761 1132 1843 jaira,
1156 1765 1254 1838 leena,
1279 1761 1366 1835 idda,
1389 1760 1486 1835 ttae,

227 1868 335 1945 traua,
363 1863 455 1946 adda,
478 1863 672 1945 alpheradam,
695 1863 785 1944 wija,
809 1864 881 1947 lr'jtr,
905 1863 1018 1940 altera,
1043 1865 1130 1946 lupa,
1153 1865 1275 1945 altreap
1298 1863 1353 1926 vel
1375 1864 1486 1946 olorda),

225 1966 348 2048 altamp,
371 1971 487 2049 tramp,
510 1966 642 2048 skrdpp,
666 1966 745 2048 trr‘jp
768 1978 828 2029 etc.
853 1967 987 2051 silJ‘wer,
1012 1972 1108 2050 sarde,
1132 1968 1254 2050 lauder,
1277 1973 1378 2048 starr,
1401 1969 1486 2041 horr,

216 2069 336 2152 sodher
368 2092 442 2154 gen.
478 2093 535 2154 pro
560 2069 713 2132 alimento
738 2069 941 2146 animalium;
965 2091 1030 2146 003,
1052 2091 1164 2154 praua,
1189 2071 1299 2148 araas,
1324 2091 1403 2135 attus
1427 2069 1486 2134 och

223 2173 315 2246 duaa,
340 2179 438 2256 alasa,
454 2175 555 2256 fitidS,
571 2174 673 2257 fidele,
695 2174 758 2254 rije
783 2174 988 2257 generaliter,
1009 2178 1112 2256 qrdd's
1133 2173 1328 2258 generaliter
1355 2195 1413 2236 seu
1429 2197 1487 2258 pro

224 2298 354 2360 genere,
387 2277 465 2352 fase,
498 2297 581 2352 roos,
617 2278 724 2350 braca,
760 2277 872 2353 laruae,
907 2279 997 2356 baca,
1023 2299 1103 2342 raca
1128 2290 1188 2342 etc.
1213 2283 1289 2361 scot,
1313 2280 1394 2355 beet,
1409 2279 1516 2362 fett,‘

223 2381 339 2451 clareat,
362 2385 469 2461 preat,
492 2381 589 2456 stadt,
610 2381 697 2462 itaet,
721 2381 859 2463 slidmpt
883 2394 943 2444 etc.
970 2387 1051 2446 treta
1074 2395 1136 2445 etc.

233 2489 235 2492 ’
312 2487 342 2548 5.
387 2483 567 2546 Masculina
601 2483 665 2546 duo
699 2484 732 2546 in
767 2505 820 2560 aa,
844 2507 908 2547 non
932 2483 1073 2547 formant
1096 2484 1192 2546 hodie
1217 2508 1301 2548 nom.
1327 2485 1485 2570 pluralem

220 2587 317 2670 juxta
351 2586 433 2650 hanc
467 2587 623 2672 regulam,
647 2586 703 2650 sed
727 2587 872 2650 vocalem
897 2609 982 2650 nom.
1006 2587 1223 2671 singulariae
1247 2601 1373 2651 mutant
1396 2588 1429 2651 in
1452 2594 1484 2664 d,

224 2702 257 2752 et
288 2711 311 2754 a
342 2689 439 2753 finale
470 2713 557 2754 nom.
581 2691 752 2776 singularis
777 2689 962 2775 duplicant:
986 2703 1022 2752 ut
1044 2711 1129 2769 maa,
1153 2692 1234 2776 plur.
1252 2697 1370 2770 radam
1393 2713 1487 2775 spart,

224 2795 308 2880 plur.
332 2801 447 2877 aprina.

311 2897 379 2960 NB.
428 2897 632 2982 Regulariter
665 2897 795 2982 quidem
830 2896 931 2959 flexio
965 2897 1036 2960 fieri
1070 2911 1181 2982 posset
1210 2899 1256 2960 sie
1278 2905 1411 2964 mdaaer
1435 2900 1488 2984 (ut

226 3000 365 3063 flectunt
401 2999 570 3083 Germani)
605 3013 638 3062 et
676 3007 825 3082 spdaaer,
860 3000 916 3062 sed
952 3000 1038 3084 apud
1061 3023 1119 3064 nos
1142 3001 1290 3079 invaluit,
1314 3015 1406 3066 uter
1430 3025 1487 3087 per

225 3126 391 3189 apocopen
416 3103 630 3167 omitteretur.

311 3209 340 3272 6.
387 3207 558 3270 Feminina
580 3208 736 3293 quaedam,
749 3208 782 3271 in
807 3229 823 3272 s
847 3207 1039 3292 desinentia,
1052 3231 1115 3271 non
1139 3207 1264 3271 faciunt
1280 3231 1364 3272 nom.
1381 3209 1486 3294 plura-

223 3313 287 3374 lem
322 3311 355 3373 in
390 3333 430 3375 ar
453 3311 505 3374 vel
528 3334 572 3388 ev,
596 3311 653 3374 sed
676 3324 800 3374 tantum
825 3333 842 3376 a
864 3311 960 3374 finale
985 3311 1154 3396 duplicant
1177 3326 1209 3374 et
1232 3313 1375 3375 vocalem
1400 3336 1486 3377 nom.

223 3415 395 3501 singularis
426 3427 553 3478 mutant
585 3415 619 3478 in
657 3415 763 3493 aliam,
798 3417 819 3480 ἀ
848 3415 880 3477 in
904 3422 936 3494 d,
961 3418 1100 3499 utpdda
1124 3416 1319 3500 plumariae,
1343 3417 1443 3482 attin
1469 3423 1486 3484 ὃ

221 3532 258 3583 ut
284 3521 367 3596 latre,
392 3521 474 3604 plur.
502 3521 577 3597 ldae,
601 3541 704 3596 maus,
729 3520 811 3604 plur.
836 3525 931 3585 vadas.

307 3626 334 3685 7.
382 3621 534 3701 Quaedam
559 3646 623 3685 non
648 3622 838 3707 simpliciter
862 3622 964 3686 arad
987 3645 1071 3684 nom.
1097 3623 1293 3706 singularem
1319 3623 1485 3708 adjiciunt,

221 3727 277 3789 sed
311 3728 406 3790 aliam
441 3749 612 3790 consonam
637 3740 710 3789 ante
734 3747 774 3790 ar
797 3727 1019 3812 interponunt.
1066 3729 1097 3798 1)
1122 3726 1335 3812 interponunt
1358 3749 1387 3794 to
1410 3740 1485 3792 ante

220 3853 271 3910 ar,
307 3831 488 3894 desinentia
511 3831 587 3914 inf
605 3831 761 3916 simplex:
785 3844 821 3894 ut
844 3831 926 3914 boos,
950 3831 1033 3916 plur.
1059 3832 1200 3914 bofwar;
1223 3832 1313 3915 haef,
1338 3832 1485 3916 deferam

220 3935 347 4017 skraaf,
371 3934 556 4018 terestrem
579 3935 674 4018 tiarrf,
698 3935 831 4017 tiafwar
855 3949 916 3998 etc.
962 3936 995 4010 2)
1019 3937 1127 3998 iente
1151 3955 1201 4017 ar,
1224 3945 1261 3997 ut
1284 3939 1375 4018 seiae,
1398 3936 1483 4021 plur.

220 4041 366 4120 edacior,
391 4037 500 4114 bdaek,
524 4037 678 4102 taaettar
700 4039 753 4100 vel
777 4039 935 4104 bdaclrz'er.
971 4037 1135 4116 Quaedam,
1149 4037 1331 4101 desinentia
1354 4039 1386 4101 in
1410 4041 1484 4115 eth

221 4139 442 4224 interponunt,
467 4154 503 4202 ut
525 4141 660 4215 himmel,
685 4141 765 4225 plur.
791 4142 938 4207 limatae.

306 4245 335 4307 8.
382 4243 533 4322 Quaedam
570 4245 714 4307 vocalem
750 4245 872 4308 ultimae
907 4244 1038 4328 syllabae
1072 4245 1227 4308 nominat.
1253 4245 1425 4328 singularis
1449 4246 1482 4308 in

220 4347 337 4432 plurali
372 4348 508 4430 elidunt,
538 4361 633 4432 atque
669 4372 712 4411 ex
745 4347 795 4412 his
831 4349 984 4433 pleraque
1020 4348 1163 4411 retinent
1186 4347 1315 4432 quidem
1342 4350 1481 4434 priorem

220 4451 363 4512 vocalem
398 4473 484 4514 nom.
520 4452 690 4536 singularis
724 4452 971 4531 immutabilem,
995 4475 1097 4537 pauca
1120 4473 1197 4514 vero
1223 4464 1358 4529 mutant,
1383 4464 1419 4514 ut
1442 4475 1484 4515 ex

218 4553 298 4638 ipsis
323 4553 483 4638 exemplis
508 4567 642 4619 constat.

304 4681 323 4721 1.
370 4657 508 4720 Elidunt
530 4680 561 4736 a,
584 4670 620 4721 ut
644 4681 795 4734 sommae,
819 4661 903 4744 plur.
927 4679 1064 4736 somrar,
1089 4682 1148 4745 pro
1171 4677 1372 4738 semmurum·
1397 4659 1483 4728 lam-

217 4782 298 4840 mae,
323 4761 405 4848 plur.
429 4761 584 4850 hamram
606 4765 763 4850 hammer,
787 4765 870 4850 plur.
894 4762 1028 4830 hamrar
1052 4775 1112 4833 etc,
