3674 5694
350 499 387 558 12
675 499 722 557 Er.
749 498 898 556 Aurivillii
923 499 1117 557 Grammatico
1142 501 1279 559 Sveoana.

245 765 248 772 Ι
345 685 517 767 prefftana,
550 683 769 765 oswerstt'aaa,
796 684 1012 766 dochtara'ana,
1039 686 1194 761 trdttnaa,
1231 687 1383 766 deciana,
1418 686 1605 768 taijaaiaaa

346 789 518 870 taarqt'aaa
552 801 613 850 etc.
659 788 707 870 (5)
736 787 818 850 Item
854 788 1047 851 muliebrum
1078 789 1261 852 officiorum
1286 789 1416 851 nomina
1439 812 1481 850 ex
1516 811 1606 874 pere·

347 891 448 976 grinis
472 889 562 952 finita
585 891 618 952 in
642 892 712 954 issa
735 903 771 952 ut
789 891 994 972 prophetissa
1002 912 1013 970 ,·
1038 891 1091 954 Sic
1115 905 1220 954 autern
1245 895 1420 973 prinaessa.
1472 893 1525 976 (6)
1543 893 1606 954 No·

348 995 434 1056 mina
468 995 640 1056 mulierum
676 1015 718 1056 ex
752 993 861 1056 officio
895 995 1036 1058 virorum
1066 997 1099 1057 in
1123 997 1166 1068 at,
1190 1001 1256 1073 aaa,
1280 1018 1327 1069 ert,
1352 1001 1411 1073 erat,
1436 1003 1474 1069 et,
1499 1017 1546 1078 or,
1570 1001 1607 1060 dr

348 1098 528 1172 desinente,
560 1097 698 1160 deducta
732 1110 827 1182 atque
864 1098 895 1160 in
920 1098 980 1162 sta
1003 1097 1107 1162 finita:
1134 1111 1168 1160 ut
1190 1099 1409 1182 corporatalaa,
1434 1099 1605 1164 tettteaant-

345 1202 415 1283 ska,
454 1201 649 1282 capitanata,
681 1202 928 1283 praet'deatsta,
962 1202 1137 1274 earnetska,
1179 1203 1354 1284 majorata.
1420 1202 1473 1264 Sic
1508 1203 1604 1265 etiam

337 1305 550 1388 fraatepata,
574 1305 774 1388 aottanastn,
799 1318 832 1368 et
855 1305 882 1368 si
905 1329 974 1390 quae
998 1305 1126 1370 similia.

432 1414 495 1471 NB.
521 1413 655 1471 Exoticis
679 1414 737 1484 hio,
762 1419 901 1490 quantum
925 1415 987 1472 fieri
1010 1421 1117 1490 potest,
1142 1396 1357 1472 abstinendum.

433 1513 486 1596 (7)
509 1512 648 1575 Nomina
672 1513 852 1574 desinentia
875 1513 907 1574 in
932 1519 1015 1578 ante:
1039 1527 1074 1575 nt
1099 1515 1292 1594 Rapemeate,
1322 1514 1523 1578 Testamenta
1554 1512 1608 1596 (8)

347 1617 521 1680 Adiectiva
556 1631 654 1678 art-em
681 1617 732 1678 vel
755 1617 903 1678 virtutem
930 1629 983 1678 aut
1007 1617 1122 1679 vitium
1147 1617 1361 1702 significantia
1385 1630 1417 1680 et
1440 1619 1473 1680 in
1498 1618 1547 1680 tat
1571 1615 1605 1678 fi-

347 1721 428 1784 nita:
454 1734 489 1782 ut
510 1721 741 1801 anathatnatt'slc,
759 1721 894 1802 pattisk,
912 1721 1057 1802 potitislt,
1081 1722 1215 1792 heroisin,
1239 1721 1431 1804 affpadtisa
1456 1720 1608 1802 apretiata

347 1836 407 1888 etc.
454 1826 502 1908 (9)
537 1823 784 1908 Praepositiones
818 1824 970 1908 quaedam
999 1824 1183 1907 trisyllabos,
1225 1839 1261 1888 ut
1283 1826 1449 1908 attestata,
1473 1828 1606 1906 tyanam,

340 1929 503 2012 sdrathaa
526 1942 587 1991 etc.

433 2032 508 2116 (10)
530 2031 670 2094 Nomina
694 2033 824 2117 propria
840 2032 1010 2117 peregrina
1029 2043 1189 2094 accentum
1208 2032 1240 2094 in
1256 2032 1437 2116 penultima
1455 2031 1607 2094 habentia

346 2137 391 2200 ita
414 2158 541 2221 quoque
565 2136 706 2198 retinent
728 2136 761 2198 in
785 2149 894 2200 nostra
917 2136 1038 2220 lingua,
1062 2150 1098 2197 ut
1125 2135 1301 2214 Jotannas,
1329 2137 1489 2219 Andreas,
1519 2135 1609 2202 Jere-

283 2289 293 2304 .
346 2245 431 2306 antas
455 2254 515 2306 ete.

434 2345 494 2410 Hae
516 2358 591 2408 sunt
614 2346 833 2430 exceptiones,
857 2367 927 2428 quae
948 2367 1033 2408 nunc
1050 2357 1230 2418 occurrunt,
1247 2344 1393 2428 quamvis
1412 2345 1521 2429 plures
1538 2365 1609 2406 esse

347 2461 509 2534 poterunt.

434 2553 559 2638 Excipe
589 2554 617 2616 3.
664 2553 873 2636 Polysyllaba
896 2554 1051 2638 quaedam,
1076 2577 1145 2638 quae
1170 2566 1336 2615 accentum
1361 2551 1482 2614 hebent
1504 2551 1536 2613 in
1561 2551 1610 2614 nl·

347 2657 435 2719 tima.
481 2656 527 2720 Ut
551 2658 598 2739 (1)
622 2656 798 2741 Peregrina
821 2658 965 2741 quaedam
989 2657 1022 2720 in
1047 2658 1090 2739 at,
1114 2679 1167 2738 aa,
1191 2663 1257 2738 ant,
1281 2678 1327 2729 ea,
1352 2661 1412 2737 eat,
1436 2661 1474 2736 et,
1497 2657 1542 2733 a'a,
1558 2677 1610 2732 aa,

347 2766 393 2838 ar,
439 2765 483 2841 at,
521 2766 574 2842 pt:
614 2761 773 2842 corporat,
820 2761 976 2842 capellan,
1021 2763 1185 2842 coenatica,
1224 2762 1404 2843 tappertan,
1445 2759 1610 2835 irrationale,

348 2864 517 2944 teateaant,
556 2865 689 2943 capitata,
726 2865 915 2944 firmameat,
948 2857 1147 2946 praesideat,
1173 2869 1349 2938 testameat
1379 2866 1513 2945 cabinet,
1544 2885 1610 2926 aaa·

345 2969 452 3049 pasin,
482 2967 650 3042 condition,
683 2967 859 3043 coadaeto'r,
887 2970 1041 3049 iapeatdr,
1067 2967 1266 3044 nominant,
1284 2967 1449 3048 tentarat,
1478 2967 1611 3048 resciat,

343 3072 488 3152 proselpt
511 3083 571 3134 etc.
618 3071 671 3153 (2)
696 3069 741 3133 Ut
764 3070 914 3132 vitiorum
939 3069 1137 3154 quorundam
1163 3069 1293 3132 nomine
1316 3070 1348 3132 in
1372 3070 1398 3150 ij
1421 3068 1530 3132 finita:
1555 3071 1609 3152 af·

346 3174 504 3257 potitare,
539 3174 669 3254 herard,
704 3174 881 3256 stateem,
905 3175 1040 3256 naptertj,
1062 3173 1206 3255 pdelaeaij
1230 3186 1290 3236 etc.
1337 3174 1390 3256 (3)
1413 3173 1553 3235 Nomina
1576 3172 1609 3234 in

348 3280 392 3342 iat
415 3277 606 3352 desinentia,
631 3291 667 3338 ut
689 3278 856 3351 tatwinist,
880 3279 1057 3359 spaarettst,
1081 3278 1261 3354 distantiat,
1281 3279 1382 3359 fiattat
1405 3289 1466 3340 eto.

436 3381 515 3465 [teg.
551 3400 584 3443 11.
631 3379 836 3464 Bisyllaba1)
864 3380 965 3442 ferme
1000 3381 1117 3456 omnia,
1147 3403 1220 3458 eum
1255 3381 1385 3443 nomina
1409 3380 1613 3444 substantiva

347 3486 401 3548 vel
437 3484 607 3566 adjectiva,
648 3485 777 3569 propria
817 3485 869 3546 vel
910 3484 1116 3569 appellativa,
1158 3485 1323 3568 primitiva
1362 3485 1414 3547 vel
1450 3485 1611 3560 derivata,

349 3590 570 3673 cujuscunque
606 3587 857 3650 terminationis:
893 3602 960 3650 turn
995 3587 1094 3650 verba
1123 3590 1272 3672 (quorum
1307 3589 1340 3650 in
1367 3589 1479 3672 lingua
1502 3601 1613 3650 nostra

349 3715 484 3777 magnus
509 3707 557 3754 est
573 3694 738 3774 numerus)
757 3705 922 3754 accentum
940 3691 1060 3754 habent
1076 3691 1109 3753 in
1126 3691 1305 3774 penultima
1321 3691 1441 3776 (prima
1458 3691 1611 3775 syllaba).

436 3795 502 3858 Sub
532 3795 591 3858 hac
615 3795 727 3879 regula
750 3795 895 3878 generali
918 3796 1012 3858 unica
1035 3808 1159 3858 tantum
1185 3795 1335 3880 exceptio
1360 3795 1467 3857 locum
1489 3779 1612 3857 ¹habere

349 3913 467 3985 potest,
493 3921 610 3984 nempe
625 3921 747 3974 eorum,
761 3922 830 3983 quae
844 3914 1011 3961 accentum
1025 3899 1145 3962 habent
1157 3899 1189 3960 in
1203 3899 1326 3961 ultima.
1366 3899 1409 3962 Ut
1420 3901 1468 3982 (1)
1482 3899 1614 3962 nomina

348 4003 494 4089 quaedam
519 4026 561 4065 ex
585 4002 764 4086 peregrinis
789 4003 925 4064 formata
948 4003 979 4064 in
1004 4005 1048 4078 at,
1072 4007 1366 4084 artt,art‚a3t,eat,
1391 4009 1428 4079 et,
1453 4005 1562 4082 imita,
1577 4006 1613 4079 t't,

349 4109 404 4190 ijo,
417 4109 470 4189 ist,
494 4109 534 4180 ot,
558 4127 608 4182 aa,
633 4128 679 4181 or,
702 4128 747 4184 as,
772 4112 811 4182 at,
835 4106 877 4170 ale
888 4107 940 4169 vel
956 4128 1008 4187 aq,
1024 4129 1077 4181 aa,
1094 4129 1144 4184 nr,
1167 4127 1216 4184 aa,
1229 4112 1274 4188 at,
1287 4109 1340 4189 eij,
1353 4111 1399 4181 dm
1414 4128 1441 4170 e.
1456 4128 1486 4190 g.
1500 4107 1614 4183 tanat,

347 4211 472 4293 patant,
495 4211 671 4292 cherpeaat,
685 4211 832 4291 pattiart,
857 4211 990 4286 bastart,
1010 4210 1177 4290 phaetaat,
1201 4212 1309 4284 intent,
1334 4210 1446 4286 lateret,
1465 4210 1614 4291 prophet,

344 4318 428 4395 poet,
452 4319 567 4386 corna,
592 4315 716 4384 oestt'ira,
735 4313 901 4394 petepriat,
925 4314 1086 4395 hermelin,
1104 4315 1214 4396 profit,
1239 4313 1335 4389 habit,
1360 4315 1457 4386 antia,
1485 4313 1613 4378 Pariis
1648 4359 1653 4368 ·

349 4419 464 4497 baat'st,
475 4419 598 4498 papist
622 4418 736 4498 major,
762 4416 933 4493 Fraateoa,
952 4417 1095 4498 profess,
1120 4417 1215 4490 halat,
1226 4417 1341 4498 perata,
1358 4417 1476 4498 kappa,
1493 4422 1611 4494 tortar,

348 4525 456 4597 notar,
482 4521 586 4603 fiper,
621 4519 754 4599 lampae,
778 4525 898 4602 carpat,
916 4520 1071 4600 portarat,
1091 4522 1214 4602 pasteij
1237 4523 1386 4594 mantilia,
1411 4521 1523 4602 aaatja
1547 4533 1613 4583 etc.

423 4724 444 4791 ¹)
465 4727 607 4790 Simplicia
626 4729 720 4777 omnia
739 4729 844 4778 habent
861 4728 902 4776 ita
922 4731 1019 4780 aecent
1040 4743 1073 4779 m.
