3648 5696
358 465 418 522 138
686 465 732 522 Er.
758 464 908 522 Aurivillii
933 464 1128 522 Grammatico
1153 459 1291 524 Sveoene.

825 646 880 712 IV.
925 646 1025 711 Verbi
1048 647 1150 712 skulu.

308 805 314 818 ·
440 767 508 832 NB.
555 767 713 846 Quoniam
739 791 836 832 unum
860 767 1063 831 solummodo
1087 781 1215 852 tempus
1239 789 1355 852 nempe
1380 766 1623 852 praesensindi-

355 870 451 934 cutivi
485 869 581 954 hujus
604 870 696 932 verbi
720 870 876 934 auxilium
901 870 1123 955 conjugationi
1145 869 1318 933 verborum
1339 870 1471 955 praebet,
1496 870 1533 934 ed
1551 893 1621 933 em-

355 971 531 1057 putendem
566 972 786 1057 prolixitatem
818 974 886 1056 jorn
920 973 1003 1036 forte
1037 972 1170 1035 nimiam
1205 973 1238 1034 in
1261 972 1361 1051 hisee,
1385 974 1466 1037 illud
1490 986 1616 1037 tentum

354 1090 482 1159 tempus
505 1074 558 1138 hio
581 1077 786 1161 proposuisse
810 1075 982 1142 suffecerit.
1029 1075 1122 1155 Quod
1146 1075 1232 1138 idem
1257 1075 1297 1138 de
1314 1090 1470 1162 sequente
1487 1099 1618 1162 quoque

353 1178 454 1242 verbo
478 1177 629 1242 auxiliari
653 1179 776 1243 dictum
799 1181 959 1244 volumus.

441 1282 518 1346 Not.
563 1281 671 1344 Etiam
694 1282 779 1368 perf.
801 1283 914 1352 skulle.

851 1470 1118 1536 indicativus.

895 1593 1081 1655 Praesens.

440 1715 529 1800 Sing.
1074 1711 1160 1776 Plur.

355 1817 383 1880 1.
406 1816 474 1902 Jugr
496 1819 571 1886 slrul
989 1814 1057 1897 Wij
1078 1814 1198 1880 skolone
1221 1814 1340 1899 (situle)

353 1919 383 1981 2.
410 1919 458 1984 Tu
480 1921 555 1986 sicul
988 1917 1011 1981 Ι
1030 1917 1141 1982 skolen

353 2021 382 2084 3.
408 2021 486 2087 Han
512 2023 599 2089 skuli
989 2018 1054 2082 Ure
1076 2018 1170 2083 slrola

440 2141 487 2205 De
508 2153 624 2206 oaetero
646 2140 709 2204 hoe
730 2139 865 2203 verbum
890 2136 1090 2201 defectivum
1114 2149 1173 2201 est.

628 2326 789 2413 Imperi.
814 2337 852 2388 et
876 2326 1073 2390 Praeterit.
1098 2323 1339 2388 Definitum.

398 2445 996 2531 Singpcldhel,oansedt,rindoolretc.
1072 2443 1160 2508 Plur.

356 2552 384 2613 l.
407 2535 474 2632 {lup
496 2551 599 2616 skulle
993 2546 1060 2630 Wij
1074 2547 1178 2612 senile

354 2651 383 2713 2.
408 2650 456 2716 Tu
480 2653 584 2718 elrulle
984 2649 1005 2713 1
1026 2650 1129 2714 siculle

353 2753 382 2816 3.
407 2752 487 2818 Han
509 2754 612 2819 sirulle
986 2749 1049 2816 ree
1071 2752 1174 2816 skulle

439 2857 508 2920 NB.
553 2857 607 2921 Ad
631 2856 873 2942 conjunctivum
897 2866 1055 2942 spectent.

824 3042 863 3108 V.
908 3041 1010 3107 Verbi
1031 3042 1145 3106 millia.

854 3159 1119 3225 Indicetivus.

890 3282 1077 3345 Praesens.

442 3398 530 3484 Sing.
1073 3400 1162 3465 Plur.

356 3504 384 3567 1.
405 3500 472 3582 Juq
494 3501 562 3565 will
991 3503 1058 3580 Wir'
1081 3503 1213 3568 tuillium
1234 3500 1366 3586 (wille)

355 3603 385 3666 2.
411 3602 460 3666 Tu
482 3603 551 3666 will
985 3604 1010 3670 I
1026 3605 1147 3670 willien

354 3704 384 3767 3.
408 3701 487 3767 Hau
508 3706 577 3770 will
990 3707 1053 3772 llue
1075 3707 1179 3771 millia

440 3823 490 3885 De
514 3836 621 3889 cetero
644 3825 706 3890 hoc
729 3826 862 3890 verbum
887 3827 1050 3913 peculiare
1075 3839 1124 3889 est
1146 3837 1183 3888 ut
1205 3825 1277 3888 elie.

845 4013 902 4078 Vl.
946 4012 1047 4078 Verbi
1069 4014 1132 4078 mei.

852 4132 1120 4196 Indicetivus.

886 4252 1074 4315 Praesens.

996 4473 1060 4557 le
1073 4371 1208 4556 iriiiirom
1229 4473 1352 4556 (recipe)
1373 4471 1463 4537 hodie
1486 4471 1500 4557 [
1542 4472 1571 4558 ⁰]

988 4577 1010 4640 1
1031 4576 1144 4658 moyen
1167 4575 1250 4661 [mci]

990 4678 1054 4780 ille
1076 4678 1173 4760 mciqu
1196 4677 1280 4770 [mu]
