3674 5694
372 505 411 565 14
698 501 747 562 Er.
772 503 924 562 Aurivillii
948 503 1145 563 Grammatica
1170 504 1306 564 Svecana.

360 657 446 741 joplt
479 657 547 734 ᾗόν,
579 659 649 738 pbr,
673 654 734 736 so'r
775 675 833 738 pro
867 652 971 730 ltiirer,
1004 657 1110 736 perer,
1137 653 1249 734 forem·
1282 676 1354 740 sao,
1378 657 1444 741 loo,
1465 681 1524 743 pro
1547 660 1634 738 sade,

369 761 481 838 lodhe;
515 765 581 843 too,
616 781 674 844 pro
703 757 820 840 triplum
848 756 938 840 litto,
968 757 1073 832 c't'lslco,
1097 758 1200 839 biirjo,
1224 781 1282 843 pro
1305 759 1455 835 litterile,
1478 761 1635 828 dlslcodlse

369 864 540 942 hortatum
569 863 683 946 plit'po,
718 861 877 944 stimmo,
911 860 1014 943 colito,
1043 862 1293 945 propinquate,
1316 863 1534 948 eldmptolrde,
1558 866 1632 931 aelr-

369 967 473 1034 tadlte.
519 966 569 1030 Its
597 965 714 1051 vulgus
744 987 802 1050 per
825 963 956 1049 Uplsnd
980 976 1013 1027 et
1034 963 1167 1050 Roslag:
1189 965 1324 1048 possein,
1340 966 1466 1049 flisltdrt
1489 981 1550 1032 etc.
1575 991 1633 1054 pro

366 1072 544 1154 possessio,
560 1069 733 1152 fliclsorno.
781 1067 865 1132 Man
888 1090 946 1153 pro
970 1089 1117 1144 mannen,
1156 1069 1252 1135 Solen
1281 1069 1379 1153 sloijo'
1410 1093 1468 1156 pro
1499 1071 1633 1154 slsijner.

371 1172 446 1240 Deo
479 1174 660 1239 menoislsia
692 1173 786 1256 isson
815 1171 882 1255 pud
905 1173 1035 1255 fierualt
1057 1195 1115 1257 pro
1138 1172 1351 1238 monmeliant.
1397 1173 1462 1239 Det
1481 1175 1552 1253 folle
1575 1199 1633 1262 pro

364 1277 477 1357 fellet.
525 1275 599 1341 Ess.
625 1281 653 1338 9:
678 1277 707 1340 2.
754 1274 826 1340 Deo
841 1274 1044 1340 moontelios
1066 1280 1107 1340 cir
1120 1276 1212 1360 from
1235 1277 1290 1341 ooli
1312 1277 1396 1358 wijc

871 1481 926 1544 De
952 1481 1142 1545 Disstole.

456 1639 534 1704 Haec
557 1661 653 1703 voces
677 1637 831 1723 quasdam
855 1658 1028 1718 connexus,
1052 1659 1115 1699 non
1144 1650 1251 1700 temen
1280 1639 1408 1724 proprie
1437 1640 1632 1724 compositas

371 1766 452 1828 esse,
479 1767 593 1807 verum
618 1743 785 1806 distinctas
809 1763 845 1804 ao
868 1753 1030 1824 seperatus
1055 1741 1194 1804 existere
1211 1742 1342 1807 indicat.
1379 1742 1632 1828 lnlingusSue·

368 1849 432 1910 tica
449 1847 573 1911 duabus
596 1846 691 1909 lineis
716 1845 917 1922 transversis,
941 1843 997 1906 sed
1022 1845 1153 1928 paulurn
1177 1845 1339 1909 inclinetis
1350 1849 1390 1930 (ι)
1403 1847 1456 1925 vel
1469 1869 1533 1910 uno
1544 1860 1633 1910 secte

369 1952 418 2035 (-)
445 1963 591 2014 notetur:
615 1963 651 2012 ut
674 1949 707 2012 in
724 1949 936 2032 flytodnlipe,
960 1949 1203 2031 iisset-odulipe.
1251 1949 1304 2013 Sic
1327 1951 1359 2012 in
1388 1951 1537 2036 pluribus
1565 1950 1633 2035 epi-

369 2053 468 2118 thetis
504 2053 734 2118 connectendis
757 2052 955 2136 frequenter,
981 2051 1188 2115 Stiernhielm
1213 2054 1246 2115 in
1271 2053 1423 2131 Hercule,
1449 2054 1632 2137 Gullsquht

370 2159 550 2223 blc'tnlsonde
571 2157 650 2234 tom
673 2155 993 2238 rupious-lumem
1014 2155 1526 2241 ttickonfrisle-dupp-drypande
1539 2159 1631 2242 drus-

369 2282 435 2327 vor.
487 2260 735 2342 Olrristso'swlipe
770 2281 827 2343 pro
863 2256 1051 2340 Christelipe
1084 2259 1139 2324 oct
1172 2261 1271 2342 &stipe
1320 2261 1549 2344 Titiustfls'tipe
1573 2283 1631 2346 pro

369 2364 535 2446 tiriustlipe
557 2363 613 2428 oeli
631 2365 747 2446 flitr'pe,
771 2362 817 2426 sic
841 2361 937 2424 etism
961 2361 1072 2426 christ*
1088 2362 1143 2427 ooli
1157 2364 1287 2445 redlt'pe
1302 2363 1413 2448 Dypds
1426 2366 1481 2430 oelr
1496 2365 1631 2447 ledrls'pe.
1720 2395 1722 2400 ·

893 2585 946 2648 De
971 2584 1111 2649 Tmesi.

457 2741 536 2804 Haec
563 2762 690 2826 quoque
719 2740 753 2804 in
775 2741 887 2826 lingue
910 2741 1040 2806 Suetioe
1062 2765 1127 2805 non
1150 2741 1338 2826 infrequens
1363 2755 1421 2825 est,
1445 2754 1481 2804 ut
1504 2742 1536 2804 in
1561 2764 1631 2826 pro·

370 2845 500 2909 nomine
535 2845 672 2908 relativo
700 2844 781 2910 dhes
803 2864 881 2922 som,
904 2845 968 2929 qui.
1014 2843 1077 2929 Sic,
1100 2846 1165 2912 st't'll
1187 2851 1227 2912 tir
1249 2846 1329 2911 dlsen
1353 2867 1437 2924 mast,
1460 2865 1529 2910 som
1550 2846 1632 2911 ickie

367 2950 439 3032 pir.
486 2947 581 3013 Dlren
612 2947 816 3013 menuiskian
844 2948 936 3031 ifrtin
960 2949 1047 3031 yudlt
1060 2951 1195 3033 flitrron
1216 2956 1267 3028 cir,
1292 2963 1352 3013 eto.
1373 2969 1442 3014 som
1464 2954 1545 3014 trost
1567 2953 1631 3014 noir

369 3054 476 3136 suipra
498 3051 673 3118 nunnichio
696 3052 797 3116 siler.
843 3051 895 3116 Sic
917 3053 951 3114 in
971 3053 1052 3118 otro
1074 3054 1167 3120 dher:
1189 3054 1270 3118 dhon
1292 3054 1386 3119 elato
1407 3053 1521 3118 kasleu
1543 3053 1629 3118 dher.

457 3156 534 3220 Not.
579 3155 649 3218 Nisi
673 3155 757 3218 forte
781 3155 924 3218 dicamus
941 3177 1010 3220 esse
1027 3156 1079 3220 hic
1094 3157 1128 3220 in
1145 3157 1244 3242 priori
1261 3157 1332 3220 loco
1350 3157 1522 3220 articulum
1541 3156 1631 3237 dlreu,

371 3261 404 3323 in
425 3258 597 3344 posteriori
613 3281 690 3321 vero
714 3259 785 3321 loeo
803 3259 931 3343 ellipsin
950 3259 1036 3323 vocis
1052 3260 1133 3325 dhon
1144 3260 1230 3344 quod
1247 3274 1381 3345 estpars
1397 3260 1499 3346 ipsius
1516 3283 1632 3344 prono·

371 3364 466 3428 minis
490 3363 627 3440 relativi,
651 3385 691 3425 ne
715 3363 841 3448 ingrate
864 3362 956 3426 fieret
979 3364 1146 3448 repetitio:
1171 3364 1256 3448 quod
1282 3365 1383 3448 magis
1407 3365 1523 3449 plsoet.

456 3467 525 3530 NB.
572 3466 711 3530 Caeteras
740 3465 859 3551 figuras
883 3467 1097 3551 prosodsioes‚
1119 3467 1152 3530 in
1176 3467 1267 3552 poesi
1291 3467 1445 3547 Suecana,
1469 3479 1502 3530 et
1527 3467 1631 3552 quoti·

371 3573 467 3636 diano
490 3592 618 3656 quoque
641 3592 788 3634 sermone
811 3571 988 3634 seeundum
1012 3572 1117 3635 varios
1141 3571 1298 3634 dialectus
1315 3570 1398 3634 forte
1415 3584 1631 3649 occurrentes,

371 3688 407 3739 ut
430 3675 567 3738 rariores
591 3675 738 3738 consulto
762 3697 847 3739 nuno
870 3675 994 3738 omitto.

786 3949 848 4016 111.
891 3951 944 4018 Ilo
967 3950 1211 4036 etymologia.

457 4107 562 4172 Docet
596 4131 634 4172 es
664 4109 834 4195 originem,
857 4122 1002 4173 naturum
1028 4121 1061 4170 et
1084 4108 1300 4172 differentiam
1325 4108 1502 4172 dictionum
1528 4105 1632 4170 Sueti-

371 4237 495 4278 cerum:
530 4215 727 4296 etenimex
761 4213 904 4290 vocibus,
936 4236 993 4276 seu
1027 4212 1233 4289 dictionibus,
1257 4226 1353 4288 reste,
1377 4212 1553 4276 secundum
1578 4235 1632 4275 cu·

366 4321 485 4404 jusque
501 4318 657 4402 indolem,
669 4318 754 4382 inter
770 4340 803 4380 se
821 4318 991 4403 copuletis,
1007 4317 1133 4402 integra
1149 4317 1353 4402 componitur
1370 4319 1471 4379 oratio
1491 4316 1631 4380 Suetius.

457 4422 589 4508 Species
624 4445 750 4501 vocum,
781 4422 962 4508 exquibus
987 4421 1191 4506 componitur
1214 4421 1326 4497 oratio,
1351 4443 1408 4484 seu
1431 4434 1539 4506 portes
1563 4443 1632 4483 ora·

371 4528 467 4590 tionis
490 4527 524 4590 in
546 4526 607 4590 huc
630 4524 741 4612 lingus'
763 4539 837 4589 sunt
860 4549 986 4589 novem.
1035 4525 1190 4609 Suntque,
1213 4525 1266 4587 vel
1290 4524 1530 4602 Flexibiles,
1562 4547 1632 4609 quae

370 4633 424 4717 (ut
457 4653 499 4694 ex
532 4629 601 4694 eliis
629 4630 846 4716 grammaticis
883 4630 1023 4714 constat)
1057 4628 1144 4692 varie
1169 4627 1388 4712 inflectuntur,
1413 4650 1470 4714 per
1494 4629 1633 4691 declinu-

373 4744 477 4810 tiones
499 4735 672 4830 praeoipue,
696 4735 749 4800 vel
771 4737 1015 4822 conjugationes
1037 4735 1090 4822 (ut
1105 4733 1253 4818 vocant);
1270 4732 1546 4814 Inflexibiles,
1562 4755 1633 4822 quse
