3648 5696
551 511 595 570 De
619 510 724 570 Verbis
748 507 965 568 Auxiliaribns:
990 507 1108 585 Haswo.
1398 505 1461 564 129

287 697 362 760 Not.
387 695 466 759 Haec
488 696 507 758 6
530 694 725 780 posteriores
748 693 833 757 forte
850 692 914 756 dici
930 704 1065 777 possunt
1081 690 1307 774 circumflexa,
1324 703 1361 754 ut
1376 691 1462 776 apud

202 798 339 862 Graecos.
385 799 467 862 Nam
492 820 549 882 per
573 795 870 860 circumflexionem
896 808 950 858 aut
974 795 1082 879 potius
1107 793 1361 856 contractionem
1378 793 1464 856 facta

201 901 354 965 videntur
387 901 455 965 haec
488 899 596 962 verba.
643 898 743 983 Cujus
766 898 814 960 rei
837 897 976 981 vestigia
999 909 1173 960 occurrunt
1200 896 1233 958 in
1258 895 1462 980 antiquorum

203 1004 314 1089 lingua
338 1018 370 1068 et
393 1004 561 1088 scriptura.
606 1001 656 1064 Ita
679 1001 712 1064 in
737 1024 764 1064 c.
789 1002 807 1063 6
832 1000 914 1085 Byg.
937 1000 1004 1062 LL.
1029 999 1170 1062 occurrit
1185 1021 1240 1065 seu
1262 1023 1320 1085 pro
1338 1021 1382 1083 se,
1398 1001 1464 1082 srj'u

202 1106 235 1170 in
259 1105 376 1172 Psalm
401 1103 637 1170 Ecclesiasticae
660 1125 719 1188 pro
740 1123 792 1182 se,·
807 1103 840 1166 in
854 1103 885 1167 S.
901 1103 1017 1166 Bibliis
1029 1103 1099 1184 jjjv„
1114 1125 1173 1188 pro
1189 1103 1240 1181 da}
1256 1105 1316 1168 buu
1328 1125 1386 1188 pro
1398 1104 1463 1169 boo.

561 1259 613 1322 De
638 1258 785 1322 Verbis
810 1258 1107 1322 Auxiliaribus.

291 1369 475 1450 Antequam
501 1363 539 1426 ad
563 1363 649 1448 ipsas
678 1364 923 1448 conjugationes
946 1362 1201 1448 progrediamur,
1226 1362 1392 1429 sciendum
1418 1377 1467 1426 est

205 1469 304 1533 verba
337 1470 370 1532 in
403 1467 515 1550 lingua
550 1464 704 1549 Suecana‚
738 1465 1010 1551 quemadmodum
1046 1478 1078 1527 et
1112 1464 1305 1529 Germanica
1333 1479 1366 1528 et
1388 1489 1466 1529 non·

205 1571 303 1634 nullis
338 1570 419 1645 aliis,
450 1570 489 1632 ad
513 1591 602 1631 suam
626 1569 802 1632 flexionem
827 1591 884 1633 seu
907 1569 1181 1654 conjugationem,
1206 1567 1386 1630 subsidium
1410 1590 1467 1630 seu

120 1748 123 1753 Ι
207 1675 358 1737 auxilium
383 1671 518 1736 aliorum
543 1671 743 1756 quorundam
766 1671 950 1754 verborum,
974 1694 1043 1756 quae
1067 1671 1108 1734 ob
1124 1671 1158 1734 id
1175 1669 1344 1734 auxiliaria
1360 1670 1467 1733 vocari

207 1776 320 1840 solent.
365 1773 409 1837 Et
437 1774 468 1836 in
504 1773 615 1857 lingua
645 1775 775 1838 Suetica
798 1794 873 1838 sunt
895 1774 1052 1860 quinque:
1075 1774 1195 1857 bostra,
1219 1794 1320 1856 wara,
1343 1774 1467 1856 warda,

206 1877 318 1952 taillia,
353 1876 453 1940 skulu.
500 1876 614 1960 Neque
649 1900 713 1939 non
748 1899 840 1942 wara
874 1891 907 1940 et
928 1877 1042 1941 worda
1065 1876 1098 1938 in
1121 1875 1209 1938 idern
1232 1875 1368 1938 verbum
1393 1898 1467 1938 con·

207 1979 301 2043 fundi
324 1977 454 2062 debent,
478 2001 550 2042 cum
572 2001 662 2042 suam
686 1979 870 2044 distinctam
895 1979 1154 2065 conjugationem
1179 1977 1327 2042 habeant.

293 2079 378 2160 Quid
402 2079 500 2166 ergo?
545 2081 664 2145 Annon
687 2083 740 2147 mci
763 2099 891 2170 septum
915 2082 1049 2145 verbum
1074 2080 1254 2145 auxiliare?
1277 2082 1363 2168 quod
1380 2083 1467 2146 adhi-

208 2185 303 2249 betur
337 2182 433 2246 etiam
456 2185 490 2248 in
514 2179 796 2269 conjugationibus
819 2185 991 2249 verborum
1015 2185 1047 2248 in
1073 2185 1280 2269 conjunctivo
1304 2186 1400 2250 modo
1424 2187 1469 2250 ita

208 2286 347 2351 videtur.

294 2391 369 2453 Not.
415 2387 468 2450 Ex
490 2388 540 2452 his
563 2388 773 2452 auxiliaribus
797 2387 903 2452 verbis
932 2389 1042 2474 basma
1065 2390 1189 2468 activis,
1213 2391 1336 2454 neutris
1360 2403 1393 2454 et
1416 2391 1470 2454 de·

210 2493 404 2580 ponentibus
427 2505 550 2554 tantum
575 2491 705 2570 insevit,
728 2512 821 2556 wara
845 2505 877 2556 et
899 2495 1013 2558 warda
1036 2493 1173 2578 passivis
1197 2506 1333 2573 tantum,
1356 2495 1469 2572 wellia,

210 2597 311 2670 alcala,
335 2598 388 2661 aad
409 2595 565 2678 utrisque.

296 2699 364 2762 NB.
410 2697 481 2760 Hac
504 2697 672 2762 occasione
696 2695 802 2758 solent
825 2697 1028 2780 grammatici
1054 2721 1235 2784 proponere
1259 2699 1386 2782 integra
1401 2720 1470 2760 ver·

212 2800 323 2863 borum
347 2801 481 2864 istorum
507 2799 712 2863 auxiliarium
736 2799 971 2884 paradigmata3
996 2801 1081 2886 quod
1106 2801 1215 2864 nescio
1239 2824 1278 2864 an
1302 2800 1344 2862 sit
1359 2822 1472 2862 neces-

211 2901 339 2980 sarium,
364 2903 418 2986 qui
442 2903 507 2986 illa,
532 2926 590 2988 per
613 2925 646 2965 se
672 2903 884 2981 considerata,
909 2903 1023 2966 eodem
1048 2903 1144 2966 modo
1168 2904 1391 2988 conjugantur,
1408 2924 1472 2986 quo

212 3016 327 3068 caetera
359 3005 467 3088 verba,
498 3007 641 3089 adeoque
667 3028 777 3068 eorum
806 3006 991 3091 conjugatio
1015 3028 1057 3068 ex
1081 3005 1356 3090 paradigmatibus
1381 3018 1472 3067 caete·

211 3131 319 3172 rorum
343 3109 515 3172 verborum
539 3110 664 3195 percipi
688 3111 816 3194 poterit.
863 3111 978 3194 Neque
1002 3111 1099 3174 etiam
1123 3110 1231 3173 omnia
1246 3110 1376 3173 illorum
1393 3121 1472 3172 tem·

212 3234 300 3296 pora,
335 3212 392 3274 sed
426 3224 551 3274 tantum
581 3225 668 3276 certa
701 3213 846 3297 quaedam
871 3214 1152 3298 conjugationibus
1176 3213 1349 3276 verborum
1373 3211 1473 3274 inser·

213 3315 315 3378 viunt.
362 3314 531 3378 Sufficeret
558 3315 659 3398 igitur
681 3314 734 3378 hic
757 3316 861 3378 solum
885 3316 1069 3401 indigitare,
1093 3339 1237 3400 quaenam
1262 3329 1409 3401 tempora
1432 3337 1473 3376 ex

213 3418 319 3482 verbis
353 3418 418 3480 illis
455 3418 665 3481 auxiliaribus
700 3402 751 3481 adv
769 3417 1028 3503 conjugationem
1053 3419 1225 3482 verborum
1249 3418 1471 3482 adhibeantur.

300 3521 498 3606 Quamquam
523 3533 630 3583 autem
653 3520 715 3583 hoc
737 3521 782 3583 ita
805 3534 863 3600 est,
888 3536 994 3583 tamen
1020 3545 1091 3586 curn
1117 3545 1228 3586 eorum
1250 3543 1326 3585 usus
1343 3520 1474 3583 omnino

214 3624 313 3710 probe
338 3624 456 3687 debeat
479 3645 548 3686 asse
573 3623 733 3708 cognitus,
756 3622 782 3685 si
806 3623 877 3707 quis
900 3624 999 3688 verba
1022 3625 1082 3688 rite
1100 3625 1230 3689 flectere
1248 3648 1284 3688 ac
1301 3626 1474 3710 conjugare

213 3727 305 3811 velit,
328 3727 550 3812 paradigmata
573 3748 700 3812 quoque
724 3726 776 3790 hic
800 3727 996 3812 subjungere
1020 3729 1125 3793 visum
1151 3743 1210 3793 cst.

426 3901 717 3983 Paradigmata
740 3900 960 3968 Verborum
983 3905 1274 3968 Auxiliarium.

693 4007 718 4069 I.
765 4007 864 4071 Verbi
887 4007 1007 4091 bcfwo.

712 4111 979 4177 Indicativus.

752 4217 939 4282 Praesens.

305 4321 393 4406 Sing.
934 4323 1022 4386 Plur.

221 4430 248 4490 l.
271 4426 337 4508 εἶαρ
359 4426 482 4510 buswcr
859 4423 921 4506 le
949 4425 1098 4508 bufwom,
1126 4426 1268 4510 tasum)

219 4531 248 4594 2.
276 4529 323 4593 Tu
345 4529 467 4613 hufwer
848 4528 872 4592 Ι
889 4528 1014 4611 bufwerr

219 4632 249 4697 3.
274 4631 352 4696 Han
374 4632 499 4714 buswer
857 4631 920 4696 rae
942 4631 1054 4713 basma

292 4771 312 4835 ¹)
330 4775 401 4824 Psal.
423 4775 463 4824 68:
484 4779 524 4824 21.

299 4878 446 4918 Aars'vtlltar:
467 4874 607 4917 Grammaticis
621 4874 723 4916 Svecana.
