3648 5696
506 483 619 542 Quinta
641 485 809 541 Declinatio
833 484 945 540 Formae
970 481 1162 558 Respectivue.

292 667 329 728 In
352 667 382 731 lc.
1018 665 1055 727 In
1080 687 1106 729 s.

273 768 363 822 Flexio
382 769 531 836 Antiquior.
682 769 829 824 Recentior.
936 767 1027 822 Florio
1045 767 1195 837 Antiquior.
1271 769 1420 822 Recentior.

292 855 382 941 Sing.
1018 856 1107 941 Sing.

205 958 300 1021 Nom.
325 960 424 1026 saluca
639 959 738 1024 sulcen
930 979 1047 1024 rosea·
1232 977 1327 1020 rosen

206 1059 286 1124 Gen.
311 1063 427 1130 auleas
641 1061 758 1126 subeas
931 1083 1042 1129 roseas
1232 1079 1344 1122 roseus

206 1162 290 1246 Dat,
312 1165 393 1230 ·Abl.
419 1167 534 1232 subeas
641 1164 710 1227 sim.
735 1186 821 1228 nom.
930 1185 1041 1230 roseae
1234 1161 1303 1223 sim·
1329 1183 1413 1224 nom·

208 1267 284 1330 Ace.
310 1269 432 1334 cotenu
641 1266 711 1328 sim.
735 1289 821 1330 nom.
931 1289 1047 1333 rosano
1234 1265 1304 1327 sim.
1329 1287 1414 1326 nom.

292 1388 380 1453 Plur.
1018 1389 1104 1451 Plur.

206 1489 237 1552 N
239 1513 300 1554 om.
320 1493 476 1560 auterno
640 1495 779 1561 euterun
932 1511 1066 1555 roseraa
1233 1515 1369 1558 roscrna

207 1592 287 1658 Gen.
311 1596 469 1662 saturnos
639 1597 798 1661 salernas
931 1615 1084 1658 roscrnus
1233 1614 1387 1660 rossanus

209 1695 291 1780 Dat,
316 1698 390 1762 Abl.
414 1700 564 1764 subornon
641 1699 710 1761 sim.
736 1720 821 1760 nom.
933 1717 1077 1762 rosomcn
1235 1699 1304 1760 sim.
1330 1719 1415 1760 nom.

207 1801 285 1861 Ace.
310 1800 380 1864 sim.
404 1825 489 1866 nom.
641 1801 711 1864 aim.
736 1823 820 1862 nom.
933 1801 1003 1864 sim.
1024 1823 1110 1863 nom.
1235 1801 1305 1864 sim.
1330 1821 1415 1862 nom.

292 1920 361 1985 NB.
386 1941 407 1986 1.
451 1922 603 2001 Quaedam
628 1921 784 1984 feminina
800 1921 979 2006 genitivum
997 1921 1192 2006 singularem
1210 1921 1302 1984 aliter
1317 1920 1467 1998 formant,

207 2022 284 2086 dum
317 2025 370 2088 vel
405 2047 422 2090 s
456 2037 529 2088 ante
564 2025 710 2088 ultimam
746 2024 902 2108 syllabam
937 2009 1158 2109 interponunt,
1193 2039 1229 2088 ut
1251 2026 1387 2090 subscus
1409 2047 1467 2108 pro

206 2127 342 2208 soleam
365 2131 521 2212 syndscns
544 2152 602 2214 pro
626 2130 764 2213 syndetus
788 2140 861 2211 etc,
884 2129 937 2192 vel
960 2152 976 2193 e
1000 2141 1072 2192 ante
1096 2151 1113 2194 s
1133 2128 1228 2192 finale
1245 2129 1467 2214 interponunt,

206 2243 243 2293 ut
277 2233 411 2298 aubertus
434 2257 492 2319 pro
515 2234 647 2308 subeam
671 2233 827 2316 syndones
848 2255 904 2314 pro
935 2234 1083 2316 spadana,
1110 2233 1365 2308 simulationes,
1389 2233 1466 2296 taa-

206 2335 309 2408 deaes,
326 2337 479 2417 jordanes
502 2349 562 2400 eto.

293 2459 327 2502 11.
374 2439 547 2504 Recentior
569 2440 669 2503 flexio
692 2441 725 2502 in
750 2441 877 2524 vulgari
895 2462 1042 2502 sermone
1058 2439 1292 2502 nominativum
1310 2440 1467 2524 pluralem

207 2543 300 2605 aliter
323 2544 458 2607 format:
483 2567 599 2628 nempe
623 2568 682 2630 pro
705 2545 853 2621 caterua,
871 2544 1046 2620 bduderao,
1064 2545 1227 2617 boutema,
1245 2543 1324 2605 dicit
1340 2544 1466 2616 sabran,

207 2647 359 2731 ladadren,
384 2648 535 2726 bicinam·
558 2649 605 2710 sic
627 2649 723 2712 etiam
749 2653 893 2730 ttinpren,
917 2653 1080 2730 stringnen,
1104 2652 1238 2724 adituro,
1262 2653 1385 2730 pettam
1405 2659 1467 2709 etc.

686 2873 796 2948 Quinta
819 2873 988 2934 Declinatio

612 3005 762 3069 Formae
797 3006 1059 3092 Respectivae.

292 3145 352 3208 Est
386 3143 567 3229 respectiva
599 3143 733 3206 inflexio
768 3145 933 3207 nominum
969 3145 1089 3230 quintae
1119 3144 1344 3208 declinationis
1369 3145 1467 3208 absol.

208 3260 407 3330 neutrorum,
430 3269 547 3331 nempe
571 3247 604 3309 in
628 3270 852 3332 quamcunque
876 3249 1023 3311 vocalem
1045 3247 1221 3311 finitorum.

292 3351 520 3415 Nominativus
544 3351 626 3435 sing.
650 3351 739 3414 addit
763 3353 868 3414 solum
892 3359 904 3416 t
927 3351 966 3414 ad
991 3375 1075 3414 nom.
1100 3353 1181 3436 sing.
1207 3352 1402 3419 absolutum.

294 3455 464 3518 Genitivus
481 3455 561 3540 sing.
588 3454 678 3518 addit
701 3467 826 3517 tantum
849 3477 866 3520 s
889 3455 928 3517 ad
957 3454 1111 3518 nominat.
1135 3455 1217 3539 sing.
1235 3455 1331 3539 hujus
1347 3453 1469 3519 formae.

293 3559 430 3622 Dativus
464 3571 497 3620 et
520 3559 614 3621 ablat.
640 3558 721 3642 sing.
746 3558 923 3621 secundum
946 3558 1160 3620 recentiorem
1183 3558 1358 3622 flexionem
1379 3559 1469 3624 ,simi-

207 3663 247 3726 lis
280 3676 354 3726 sunt
387 3663 552 3738 nominat,
581 3661 758 3725 secundum
793 3663 1006 3746 antiquiorem
1035 3683 1113 3723 vero
1136 3663 1328 3746 regulariter
1351 3663 1471 3725 desinit

207 3767 241 3828 in
266 3788 284 3831 o
305 3767 359 3828 vel
381 3767 414 3828 in
439 3788 470 3843 a,
495 3765 535 3828 de
559 3789 633 3850 quc,
656 3778 693 3827 ut
716 3779 749 3828 et
771 3765 934 3850 quomodo
958 3765 1125 3841 formetur,
1149 3765 1214 3828 vid.
1239 3787 1308 3850 sup.
1326 3789 1397 3850 pag.
1417 3770 1468 3830 74.

213 3869 276 3933 Ubi
305 3870 403 3932 etiam
427 3869 636 3954 exceptiones
661 3871 731 3947 duae
755 3870 890 3952 traditae,
915 3868 1000 3954 quod
1023 3868 1186 3931 interdurn
1211 3869 1360 3932 desinant
1383 3871 1415 3932 in
1439 3891 1469 3949 a,

209 3973 371 4037 interdum
396 3973 510 4036 similis
534 3973 598 4036 sint
620 3974 829 4036 nominativo.

296 4077 372 4140 Not.
419 4077 594 4160 Antiquior
626 4077 757 4140 videtur
791 4099 860 4139 esse
895 4076 1029 4140 inflexio
1063 4075 1120 4138 illa
1154 4073 1217 4138 dat.
1243 4088 1276 4137 et
1299 4076 1360 4139 abl.
1384 4076 1417 4138 in
1440 4098 1468 4154 ο,

210 4204 305 4266 quarn
329 4182 363 4243 in
386 4201 417 4244 a.

296 4284 511 4348 Accusativus
535 4283 617 4366 sing.
641 4283 754 4345 similis
779 4296 825 4346 est
849 4284 969 4346 nomin.
994 4282 1027 4344 in
1051 4294 1187 4366 utroque
1211 4305 1354 4345 numero.

297 4387 457 4451 Vocativo
481 4398 577 4448 caret.

295 4489 523 4554 Nominativus
557 4489 641 4573 plur.
677 4488 763 4550 varie
798 4487 931 4563 desiuit;
967 4487 1006 4549 de
1031 4511 1094 4572 quo
1118 4511 1188 4572 sup.
1213 4509 1285 4572 pag.
1309 4490 1349 4552 76
1373 4501 1469 4573 atque

210 4619 253 4659 ex
276 4593 551 4680 paradigmatibus
574 4593 713 4678 patescit
735 4593 862 4659 clarius.
1214 4607 1218 4615 ·

296 4698 466 4764 Genitivus
499 4698 581 4782 plur.
618 4696 708 4759 addit
742 4708 866 4758 tantum
896 4716 913 4760 s
948 4696 987 4764 ad
1011 4717 1096 4764 nom.
1125 4695 1205 4782 plur.
1228 4693 1323 4779 hujus
1347 4694 1467 4760 formae.
