3648 5696
363 481 402 538 92
621 563 624 568 ,
692 483 740 540 Er.
767 485 917 542 Aurivillii
942 485 1137 542 Grammatico
1161 484 1297 540 Svecana.

360 665 444 747 ticin,
477 665 546 728 haee
578 667 609 728 in
648 667 679 731 S.
715 667 894 732 Bibliorum
928 668 1076 730 versione
1113 664 1341 751 frequentior);
1365 664 1405 727 de
1430 686 1507 748 quo,
1531 674 1569 725 ut
1592 673 1628 724 et

361 767 523 852 quomodo
546 768 715 853 formetur,
739 771 792 834 vid
817 794 886 856 sup.
912 793 984 855 pag.
1010 773 1060 834 74.

447 872 662 935 Aeousativus
686 875 799 937 similis
822 874 1021 938 nominativo
1044 875 1076 936 in
1099 887 1235 959 utroque
1258 895 1402 936 numero.

448 975 608 1039 Vocativo
632 993 727 1040 caret.

448 1079 675 1143 Nominativus
710 1081 792 1167 plur.
817 1082 936 1144 desinit
969 1082 1002 1145 in
1034 1101 1081 1145 ert.
1128 1079 1296 1159 Quomodo
1321 1093 1428 1142 autem
1453 1078 1627 1158 formetur,

362 1182 467 1245 videri
490 1197 598 1267 potest
621 1207 692 1270 sup.
715 1208 787 1270 pag.
815 1187 864 1249 76.

449 1285 620 1350 Genitivus
644 1289 726 1373 plur.
751 1289 841 1351 addit
863 1300 987 1351 tanturn
1011 1309 1028 1351 8
1052 1288 1089 1350 ad
1114 1286 1349 1350 nominativum
1373 1285 1543 1369 pluralem.

449 1390 585 1453 Dativus
621 1405 654 1454 et
687 1393 856 1470 ablativus,
891 1391 1081 1475 regulariter
1115 1390 1244 1475 quidem
1280 1389 1399 1452 desinit
1422 1388 1454 1450 in
1478 1409 1560 1470 men,
1585 1386 1628 1448 de

362 1517 425 1578 quo
448 1494 514 1558 vid.
539 1518 609 1578 sup.
633 1518 706 1580 pag.
731 1497 782 1569 77,
805 1499 855 1560 78.
903 1494 965 1558 Sed
991 1518 1048 1579 pro
1071 1517 1109 1556 eo
1134 1494 1235 1578 magis
1257 1509 1408 1576 receptus
1433 1515 1469 1554 ae
1485 1491 1628 1553 usitatus

363 1597 490 1660 dativus
524 1599 608 1683 plur.
655 1600 834 1662 Absolutus
868 1600 901 1661 in
936 1620 995 1675 om,
1030 1614 1066 1660 ut
1100 1621 1169 1682 sup.
1203 1619 1275 1681 pag.
1310 1599 1349 1661 78
1380 1596 1631 1658 observavimus

362 1714 531 1786 utramque
554 1703 662 1787 itaque
686 1703 862 1765 flexionem
886 1704 919 1764 in
943 1701 1217 1786 paradigmatibus
1242 1722 1455 1786 exponemus.

852 1995 1151 2076 Paradigmata.

453 2153 490 2214 ln
514 2153 541 2215 b.
1145 2150 1184 2213 In
1207 2150 1239 2214 d.

434 2254 526 2307 Flexio
544 2253 694 2322 Antiquior.
843 2255 992 2310 Reoentior.
1063 2251 1153 2304 Flexio
1172 2251 1320 2320 Antiquior.
1435 2249 1591 2302 Recention

453 2339 542 2423 Sing.
1146 2339 1234 2423 Sing.

366 2443 461 2506 Nom.
486 2442 600 2506 lambet
801 2446 915 2509 lambet
1059 2443 1166 2506 laudet
1395 2441 1504 2505 landet

254 2615 260 2625 .
366 2544 446 2607 Gen.
471 2544 601 2607 lambeta
625 2544 731 2626 (sens)
801 2547 872 2610 sim.
896 2547 993 2630 antiq.
1059 2546 1183 2609 laudets
1206 2545 1311 2624 (saus)
1395 2543 1467 2606 sim.
1492 2543 1595 2627 antiq.

366 2645 764 2724 Dat.,ltbl.latntetto(evtu)
802 2649 871 2710 sirn.
896 2671 983 2711 nom.
1060 2646 1194 2709 landono
1217 2646 1308 2728 (ena)
1395 2645 1466 2708 sim.
1491 2668 1580 2708 nom.

370 2751 448 2811 Aee.
474 2747 545 2810 sim.
570 2768 656 2809 nom.
802 2751 872 2812 sim.
897 2773 980 2812 nom.
1058 2749 1127 2812 sim.
1153 2769 1237 2808 ηοω,
1396 2749 1468 2812 sim.
1492 2771 1583 2811 ηοω.

453 2902 540 2966 Plur.
1147 2901 1235 2964 Plur.

366 3005 460 3068 Nom.
485 3006 610 3070 lambert
804 3001 928 3066 lambet
1061 3003 1367 3087 tundeudduderno)
1397 3003 1468 3066 sim.
1494 3003 1597 3088 antiq.

367 3106 447 3170 Gen.
473 3107 615 3171 tumberto
804 3105 946 3169 lambens
1063 3105 1469 3191 tondeas(tumteraas)sim.
1496 3106 1599 3190 antiq.

368 3209 452 3284 Dat..
476 3208 553 3271 Abl.
563 3209 591 3292 ¹)
805 3209 875 3268 sim.
901 3228 984 3268 nom.
1063 3213 1199 3276 landum.
1400 3208 1471 3270 sim.
1496 3231 1585 3270 nom.

368 3312 488 3372 Aecus.
515 3309 584 3372 sim.
610 3331 695 3370 nom.
805 3309 875 3371 sim.
899 3331 985 3370 ηοω.
1063 3315 1132 3377 sim,
1156 3337 1241 3376 nom,
1400 3311 1471 3372 sim.
1497 3333 1586 3372 nom.

455 3505 492 3568 In
506 3504 540 3585 f.
1149 3504 1186 3566 ln
1207 3526 1239 3584 9.

457 3603 546 3686 Sing.
1151 3604 1238 3689 Sing.

369 3708 401 3771 N
403 3730 465 3770 orn.
490 3706 620 3789 brefwet
734 3747 756 3776 a
806 3707 934 3790 brefwet
1064 3709 1168 3789 torpet
1401 3701 1507 3782 torpet

371 3807 478 3871 Genit.
503 3809 649 3890 brefwets
806 3807 953 3888 brefwets
1064 3811 1185 3891 terpets
1401 3803 1526 3884 terpets

371 3909 445 3972 Dat.
456 3909 530 3971 Abl.
540 3910 790 3991 breswevtooenu)
807 3909 879 3970 sim.
902 3931 986 3971 nom.
1065 3913 1195 3993 tergono
1218 3913 1313 3996 (ena)
1402 3903 1473 3970 sim,
1498 3927 1587 3967 nom.

372 4014 491 4072 Aecus.
518 4009 588 4072 sim.
612 4032 697 4072 nom.
808 4009 877 4070 sim.
901 4032 985 4074 ηοω.
1065 4015 1134 4076 sim,
1158 4037 1244 4076 nom,
1402 4006 1474 4068 sim.
1501 4029 1590 4074 ηοω.

458 4167 545 4231 Plur.
1150 4168 1237 4232 Plur.

372 4271 467 4334 Nom.
492 4270 632 4353 orefwen
807 4271 945 4353 bresma
1064 4273 1177 4351 temen
1404 4273 1520 4354 bergen

374 4371 482 4436 Genit.
506 4372 664 4454 breJ‘weua
808 4373 963 4452 trefweas
1065 4374 1196 4454 tergens
1403 4374 1539 4456 torpens

373 4473 884 4555 Dat.‚Abl.brefw0men(om)sim.
909 4495 993 4536 nom.
1065 4475 1228 4554 beryomea
1251 4479 1335 4560 (om)
1403 4474 1476 4538 aim.
1503 4499 1594 4539 nom.

373 4575 492 4638 Aecus.
516 4573 587 4635 sim.
613 4595 698 4634 ηοω.
807 4573 877 4635 sim.
901 4595 986 4636 nom.
1040 4576 1135 4647 sim.
1159 4599 1246 4641 nom.
1404 4577 1476 4639 sim.
1502 4601 1596 4644 nom.

447 4713 468 4782 ¹)
487 4717 615 4765 Tomrurn
634 4713 643 4761 i
662 4713 866 4762 handskriften.
907 4709 964 4780 th.
