3674 5694
738 515 783 572 De
806 511 939 574 Nomine.
1430 519 1469 576 21

211 723 287 764 usus
311 700 592 785 frequentissimus
615 701 757 766 maxime
786 703 820 765 in
847 703 1035 788 quotidiano
1064 726 1222 782 sermone,
1246 706 1415 791 euphoniae
1439 720 1471 769 et

210 805 364 868 facilioris
400 805 673 890 pronunciationis
709 830 804 870 causa
837 829 854 872 s
883 807 964 870 illud
989 809 1119 873 omittit.
1164 809 1217 873 Sic
1241 811 1377 875 dicimus
1401 812 1470 876 fere

208 911 289 974 illaec
311 931 477 988 manneus,
500 913 674 990 quincono,
698 933 757 996 pro
780 911 878 976 dbens
901 933 1066 990 manneae,
1089 915 1271 994 quinaans;
1294 916 1364 980 atet
1380 917 1471 982 diuu-

208 1021 273 1080 rets
296 1037 354 1099 pro
381 1015 474 1079 dltess
497 1015 637 1080 dicares,
674 1015 740 1078 Ubi
762 1037 840 1078 vero
856 1017 945 1079 nulla
961 1016 1160 1102 cacophonia
1176 1019 1316 1082 occurrit
1327 1021 1470 1096 vitanda,

209 1118 375 1202 analogica
409 1117 537 1222 articuli
571 1117 670 1182 flexio
703 1120 873 1184 retinetur:
909 1133 945 1182 ut
978 1121 1067 1186 thena
1100 1122 1235 1204 tapsus,
1264 1125 1353 1189 thena
1376 1127 1472 1208 opud·

210 1223 355 1305 aebtipea

295 1326 364 1390 NB.
411 1325 489 1390 Haec
512 1325 552 1388 de
577 1326 719 1390 articulis
742 1325 802 1390 hac
825 1327 896 1390 vioe
920 1327 1092 1392 sufficiant.
1128 1327 1267 1392 Caeteras
1290 1330 1376 1394 enim
1394 1354 1471 1416 quas

209 1428 313 1493 habeo
347 1429 573 1492 meditationes
614 1441 646 1492 et
681 1430 922 1494 observationes
959 1433 1122 1516 plusculas
1158 1432 1197 1494 de
1237 1433 1391 1516 articulis,
1431 1435 1471 1496 de

210 1557 320 1596 corum
355 1533 466 1596 indole
499 1556 623 1619 usuque
658 1544 747 1597 recto
776 1535 809 1597 in
833 1535 944 1619 lingua
967 1548 1086 1610 nostra,
1111 1535 1215 1620 deque
1240 1559 1351 1600 eorum
1376 1539 1472 1602 colla·

210 1637 298 1700 tione
333 1661 405 1700 cum
441 1637 583 1701 articulis
619 1639 817 1722 quarundam
853 1640 986 1702 aliarum
1010 1639 1203 1724 linguarum,
1227 1640 1259 1703 in
1283 1639 1345 1704 hoc
1367 1641 1472 1726 primo

212 1742 436 1826 grammatices
459 1742 610 1806 Suecanae
635 1742 830 1826 rudimento,
846 1743 886 1806 ad
902 1743 1065 1806 vitandam
1083 1743 1304 1827 prolixitatem
1321 1745 1471 1808 omittere

211 1859 244 1908 ct
266 1847 299 1908 in
323 1845 410 1908 aliud
434 1858 564 1938 tempus
587 1831 928 1932 atquc'prolixiorem,
948 1847 975 1910 si
998 1847 1078 1910 deus
1101 1847 1190 1910 volet
1213 1847 1252 1910 de
1277 1861 1344 1911 arte
1367 1872 1471 1934 gram·

211 1950 327 2014 matica
349 1949 572 2014 tractationem
597 1949 727 2014 differre
751 1951 855 2014 visum
881 1963 938 2014 est.

701 2227 729 2294 2.
776 2232 821 2294 De
844 2230 982 2294 Nomine.

295 2384 447 2463 Quaenam
472 2408 568 2449 voces
592 2396 667 2448 sunt
688 2383 828 2446 nominis
851 2382 975 2469 partis?
1020 2382 1144 2462 Quibus
1168 2381 1244 2446 addi
1267 2394 1375 2468 potest
1399 2383 1472 2444 arti-

211 2488 313 2570 culus,
346 2511 393 2568 ea,
427 2489 480 2552 vel
513 2495 572 2568 em
605 2489 695 2562 dben,
731 2487 784 2549 vel
817 2487 905 2552 atet.-
939 2497 975 2551 ut
1008 2509 1047 2551 en
1069 2506 1163 2563 mom·
1197 2509 1235 2550 en
1268 2487 1410 2569 quinam
1432 2492 1474 2550 ett

210 2595 286 2674 tinp.
333 2590 429 2658 Dlrea
445 2581 447 2585 ’
462 2612 618 2670 manaem
647 2591 727 2656 daea
760 2593 923 2674 quianam
956 2591 1028 2655 uter
1061 2593 1167 2673 tinget.
1212 2591 1296 2653 Item
1321 2612 1394 2652 oum
1419 2589 1472 2652 ad-

206 2694 345 2778 jectivo:
379 2717 417 2760 en
448 2696 532 2778 podlt
558 2715 653 2774 mom
683 2717 721 2760 en
744 2695 838 2778 from
871 2697 1012 2777 quinam·
1046 2699 1088 2758 ett
1121 2695 1236 2776 nyttipt
1270 2695 1347 2776 tinp.
1392 2693 1474 2758 dlten

207 2799 306 2881 pedire
327 2819 484 2878 moenem
507 2799 588 2863 dben
602 2799 749 2882 stemma
772 2800 936 2882 quintum
958 2799 1008 2863 det
1030 2799 1156 2880 npttr'pa
1178 2798 1283 2878 tinget.

297 2937 422 3023 Estque
445 2937 585 3023 duplex:

297 3040 612 3114 Substantivum,
647 3039 699 3103 cui
733 3037 808 3102 addi
842 3061 906 3101 non
937 3050 1047 3124 potest
1080 3059 1166 3120 mon,
1189 3039 1321 3121 quiana,
1345 3039 1412 3120 tinp
1436 3052 1473 3102 ut

210 3147 310 3222 berre,
334 3146 471 3228 leuony,
494 3146 613 3224 kanna,
637 3145 717 3209 bord
738 3155 799 3207 etc.

297 3247 569 3333 Adjectivum,
592 3248 644 3312 cui
668 3247 743 3312 addi
767 3257 875 3331 potest
898 3268 1089 3331 semperque
1112 3246 1144 3309 in
1169 3268 1316 3309 sermone
1334 3245 1474 3324 additur,

211 3353 263 3416 vel
297 3352 552 3438 subintelligitur
585 3373 671 3434 moa,
705 3353 837 3433 quiana,
866 3351 943 3432 tiraq.
991 3349 1036 3414 Ut
1058 3372 1097 3414 en
1117 3351 1200 3433 pout
1222 3371 1308 3428 maa,
1332 3372 1371 3414 en
1392 3351 1473 3432 pcdlr

210 3458 342 3540 quivena,
377 3461 419 3520 etr
449 3456 525 3536 poelt
559 3458 643 3538 trop:
677 3454 730 3516 vel
765 3453 852 3516 aliud
876 3451 1005 3538 aliquod
1030 3453 1269 3516 substantivum
1293 3453 1473 3530 masculini,

211 3559 361 3622 feminini
384 3571 439 3621 aut
461 3559 608 3621 neutrius
632 3557 771 3644 generis.

298 3661 374 3725 Not.
407 3661 457 3725 Ita
480 3661 580 3744 vulgo
603 3671 772 3745 exponunt
794 3659 1006 3744 grammatici.
1053 3657 1212 3741 Fortassis
1229 3672 1336 3722 tamen
1353 3659 1474 3722 rectius

211 3766 346 3829 dixeris:
381 3765 578 3850 adjectivum
613 3763 698 3837 addi,
734 3787 791 3826 seu
825 3761 921 3847 adjici
956 3762 1168 3839 substantive,
1204 3787 1300 3849 quam
1329 3762 1391 3827 hoc
1414 3763 1473 3826 illi.

210 3869 306 3934 Unde
329 3869 428 3932 etiam
451 3869 648 3952 adjectivum
672 3867 923 3953 appellationem
947 3889 1037 3930 suam
1061 3867 1195 3952 accepit.

295 3973 348 4038 Sic
382 3973 482 4057 igitur
517 3971 754 4036 substantivum
789 3993 916 4056 quoque
941 3970 1035 4034 aliter
1059 3969 1291 4035 definiendum.

297 4110 430 4174 Nemini
453 4110 604 4174 accidunt
627 4121 716 4173 octo:

297 4213 438 4299 Species,
474 4213 587 4298 figura,
624 4235 787 4290 numerus,
822 4236 970 4299 persona,
994 4213 1203 4300 comparatio,
1227 4235 1340 4298 genus,
1373 4236 1475 4290 casus,

210 4317 394 4381 declinatio,
439 4317 582 4396 Quorum
606 4317 751 4402 quaedam
775 4317 898 4380 nomini
922 4341 994 4380 cum
1023 4317 1145 4380 caetcris
1162 4317 1311 4380 omnibus
1328 4316 1473 4401 partibus

210 4421 364 4484 orationis
399 4421 592 4504 communia,
624 4433 661 4484 ut
694 4420 818 4505 species
853 4433 886 4483 et
915 4419 1033 4506 figura:
1068 4419 1213 4506 quaedam
1238 4442 1311 4483 cum
1336 4419 1473 4482 articulo

210 4537 335 4588 tantum
356 4525 557 4609 pronomine,
581 4523 680 4588 verbo
705 4537 737 4587 et
759 4525 931 4610 participio
955 4524 1147 4606 communia,
1164 4536 1201 4586 ut
1223 4545 1386 4599 numerus,
1404 4545 1475 4608 per-

210 4650 300 4702 sona;
336 4627 482 4714 quaedam
517 4650 589 4691 curn
625 4628 772 4708 articula,
808 4628 998 4714 pronomine
1033 4641 1066 4690 et
1094 4627 1277 4712 participio,
1299 4639 1335 4688 ut
1358 4648 1473 4712 genus,

209 4752 313 4813 casus,
343 4731 534 4806 declinatio;
558 4731 720 4818 quoddam
745 4732 842 4797 etiam
866 4731 990 4794 nomini
1014 4754 1087 4799 cum
1111 4730 1266 4802 adverbio
1291 4752 1477 4822 commune,

209 4847 247 4898 ut
269 4833 482 4928 comparatio.
