3674 5694
459 525 502 586 De
526 521 787 586 Declinationibus
811 521 924 584 Formae
948 519 1051 608 Absol7
1076 522 1213 585 Pluralis.
1426 525 1466 585 49

288 712 344 775 De
368 711 516 774 Dativo
540 723 578 773 et
601 711 798 774 Ablativo
822 709 985 774 Plurali.

291 817 366 879 Not.
384 839 402 879 1.
438 815 531 894 Quod
553 837 649 899 supra
672 814 777 877 obiter
800 813 869 876 dixi
893 814 932 875 de
956 813 1065 875 dativo
1089 826 1122 875 et
1145 814 1285 876 ablativo
1301 814 1466 898 singulari,

205 920 291 1005 quod
326 921 358 982 in
384 941 432 996 eo,
456 941 497 981 ne
521 917 651 1003 quidem
675 917 852 980 secundum
877 917 1043 1002 antiquum
1067 917 1221 1001 loquendi
1245 940 1281 980 ac
1305 917 1467 980 scribendi

207 1023 349 1106 modum,
384 1023 557 1108 peculiaris
591 1021 697 1106 aliqua
731 1021 830 1083 flexio
865 1043 922 1105 per
946 1042 1056 1082 omnes
1080 1041 1176 1082 voces
1200 1020 1242 1082 sit
1265 1035 1408 1105 recepta5
1433 1021 1467 1082 id

205 1127 259 1189 hic
292 1149 419 1211 quoque
449 1125 617 1188 fatendum
641 1137 698 1200 cst,
724 1125 836 1187 saltem
861 1123 946 1209 quod
969 1147 1033 1185 non
1058 1146 1169 1186 omnes
1194 1123 1232 1186 ad
1257 1147 1328 1186 earn
1351 1123 1466 1186 flexio-

206 1253 281 1293 nem
309 1230 405 1314 'aeque
428 1230 599 1292 videantur
625 1241 716 1312 aptae,
741 1243 773 1290 et
796 1229 880 1312 quod
905 1251 968 1290 non
996 1228 1040 1289 ita
1064 1241 1152 1290 certo
1176 1239 1312 1307 constet,
1336 1251 1412 1290 num
1434 1229 1467 1290 in

207 1335 271 1398 illis
305 1335 402 1396 talem
437 1333 612 1398 flexionem
636 1357 712 1396 usus
735 1331 962 1394 introduxerit.
1008 1330 1095 1392 Hinc
1118 1331 1318 1393 occasionem
1344 1331 1468 1415 cepisse

208 1438 338 1500 videtur
361 1437 630 1518 recentior'usus,
654 1437 693 1500 ad
717 1437 917 1514 varietatem,
940 1456 983 1496 cx
1005 1455 1105 1518 eaque
1123 1448 1228 1498 natam
1246 1434 1467 1498 difficultatem

208 1541 302 1625 hujus
326 1539 477 1602 flexionis
501 1541 676 1617 vitandam,
700 1541 790 1624 (eum
815 1562 856 1600 cx
880 1538 1119 1600 constructione
1145 1551 1240 1623 atque
1264 1559 1360 1600 sensu
1377 1561 1468 1600 casus

208 1645 261 1706 hic
293 1643 502 1706 nihilominus
536 1645 676 1727 intelligi
711 1644 836 1727 posset)
870 1641 970 1704 dativi
1000 1653 1033 1702 et
1056 1641 1189 1704 ablativi
1212 1641 1388 1704 flexionem
1414 1664 1467 1726 pe-

210 1749 363 1811 culiarem
399 1749 528 1832 penitus
563 1747 745 1829 omittendi,
769 1768 891 1830 proque
926 1745 1035 1808 dativo
1071 1745 1226 1828 singulari
1261 1745 1469 1829 singularem,

212 1875 269 1938 pro
293 1852 410 1936 plurali
427 1852 583 1936 pluralem
602 1851 836 1912 nominativum
854 1849 1039 1934 usurpandi.
1086 1848 1161 1912 Vid.
1176 1871 1246 1933 sup.
1264 1871 1335 1933 pag.
1349 1850 1400 1925 38,
1418 1849 1469 1912 39.

292 1973 327 2018 11.
374 1954 466 2033 Quod
503 1954 661 2016 ablativus
696 1953 829 2037 pluralis
853 1975 916 2015 non
941 1953 1044 2015 solum
1069 1952 1101 2016 in
1126 1953 1273 2014 versione
1297 1953 1470 2014 vernacula

212 2057 242 2120 S.
278 2058 469 2136 Bibliorum‚
497 2058 553 2121 sed
588 2070 621 2120 et
654 2057 781 2140 legibus
805 2057 932 2138 nostris,
956 2057 1091 2140 aliisque
1115 2056 1205 2118 libris
1229 2070 1414 2140 usurpetur,
1438 2069 1472 2118 et

211 2185 268 2246 per
302 2161 358 2224 lias
392 2162 553 2246 praecipue
588 2161 831 2246 praepositiones
866 2163 886 2234 i,
919 2161 1018 2242 madh,
1048 2160 1103 2242 aff,
1139 2161 1240 2244 istria,
1264 2163 1385 2242 ipenom
1409 2174 1469 2223 etc.

212 2278 423 2340 construatur,
460 2265 540 2328 adeo
574 2263 798 2349 frequentibus
833 2264 992 2348 exemplis
1022 2278 1155 2335 constat,
1184 2277 1220 2326 ut
1242 2264 1275 2326 in
1300 2263 1330 2326 S.
1356 2264 1471 2327 Bibliis

212 2383 246 2432 et
267 2369 394 2453 legibus
418 2368 530 2452 patriis
555 2368 671 2453 hospes
696 2367 746 2444 sit,
770 2368 826 2451 qui
850 2389 913 2429 non
938 2389 1053 2452 perse
1077 2367 1216 2451 plurima
1232 2368 1301 2450 ejus
1319 2368 1470 2453 exempla

212 2472 443 2555 observaverit,
466 2473 583 2536 iccirco
607 2471 734 2535 abillis
758 2471 942 2534 adferendis
966 2471 1172 2554 supersedeo,

299 2595 347 2640 111.
395 2575 504 2638 Dativi
527 2599 604 2638 vero
627 2575 775 2660 proprius
799 2597 885 2657 usus,
909 2575 984 2658 quia
1007 2574 1106 2636 rarior
1130 2587 1188 2652 est,
1207 2595 1309 2659 eoque
1325 2597 1390 2636 non
1406 2587 1471 2636 tarn

213 2679 297 2742 forte
322 2679 360 2742 ab
385 2679 533 2743 omnibus
557 2693 606 2743 est
629 2679 827 2756 observatus,
853 2679 921 2762 ejus
946 2679 1097 2762 exempla
1119 2679 1274 2741 nonnulla
1290 2677 1471 2762 perspicua,

213 2783 330 2867 partim
354 2805 396 2846 ex
420 2783 451 2847 S.
476 2783 602 2860 Bibliis,
626 2785 742 2868 partim
767 2781 958 2866 exlegibus
982 2781 1099 2844 nostris
1128 2781 1284 2866 allegabo,
1324 2781 1377 2844 Sic
1390 2781 1472 2846 Psal.

215 2891 253 2954 91
289 2910 320 2949 v.
353 2889 388 2950 ll
418 2887 483 2952 hau
511 2889 634 2972 haswer
657 2888 755 2966 befolt
777 2889 881 2950 staca
904 2885 1042 2968 Duplam
1064 2907 1113 2950 om
1136 2886 1209 2968 atah
1255 2884 1374 2970 Ephes.
1399 2888 1472 2950 6:5

214 2991 320 3054 edrom
355 2990 553 3073 lekamh'qom
586 2991 719 3056 herram.
765 2990 860 3051 Deut.
896 2992 926 3052 4:
962 2991 1004 3052 40
1038 2991 1136 3054 tiuom
1169 2991 1311 3072 barnem,
1347 3011 1372 3051 c.
1399 2991 1428 3052 5:
1454 2991 1470 3050 7

216 3094 455 3176 alternaturam
488 3097 629 3160 barnam.
674 3094 757 3157 Psal.
783 3094 822 3156 79
847 3093 906 3171 bis,
929 3095 1051 3158 wilram
1069 3114 1238 3177 proauum.
1283 3093 1361 3178 Cap.
1385 3095 1474 3176 34‚§

218 3201 233 3260 l
259 3197 363 3282 Bygg.
388 3199 455 3261 LL.
479 3198 658 3280 dphaudom
681 3199 833 3280 tilsr'th'o.
879 3198 957 3282 Cap.
982 3201 999 3259 7
1024 3196 1079 3261 fin.
1102 3197 1192 3260 Gifft.
1216 3197 1287 3261 LL:
1311 3197 1380 3262 Thu
1402 3199 1475 3262 stul

215 3301 277 3365 hon
314 3302 394 3366 them
425 3301 593 3366 Kloatrom
626 3303 703 3366 aller
737 3303 887 3368 Kirkiom
913 3303 1031 3386 pbstea:
1058 3302 1114 3366 och
1137 3323 1172 3386 ey
1195 3302 1363 3367 Leturom.
1408 3301 1475 3366 Ubi

218 3403 346 3468 dativus
380 3405 433 3468 hic
468 3429 526 3490 per
561 3405 668 3468 omnia
700 3427 819 3491 genera
854 3405 1005 3488 occurrit,
1039 3427 1135 3468 masc.
1173 3406 1322 3482 lelrarom,
1363 3406 1473 3470 femin.

218 3509 363 3591 lautiora,
387 3523 474 3576 neut.
505 3509 665 3575 lrloslrom.
711 3509 748 3571 In
771 3509 900 3572 Litania
934 3531 1063 3593 quoque
1091 3523 1199 3572 nostra
1218 3508 1315 3572 hodie
1343 3511 1474 3572 usitata:

218 3614 276 3678 Au
298 3618 332 3677 tu
353 3613 450 3678 allam
474 3615 664 3696 Koauapom
687 3596 741 3678 och
765 3614 914 3679 Fo'rstom
936 3615 1100 3695 wordipas
1126 3613 1231 3678 Fridh
1256 3615 1312 3679 och
1326 3615 1477 3679 eadrdebt

215 3717 326 3800 yr'fwu
372 3717 416 3780 Ea
438 3717 471 3780 in
496 3717 615 3801 hymno
639 3717 857 3781 ecclesiastico
881 3740 923 3781 ex
945 3717 1029 3781 Psal.
1052 3719 1092 3782 69
1116 3740 1146 3782 v.
1173 3719 1213 3782 10
1233 3721 1317 3783 miras
1333 3719 1477 3784 modbers

219 3821 350 3886 barnam
372 3859 414 3869 -
438 3821 553 3896 oksna
578 3835 638 3885 etc.

305 3923 435 3988 Desinit
471 3937 578 3988 autem
612 3925 803 4008 regulariter
841 3926 874 3988 in
897 3946 956 4009 om,
980 3925 1034 3988 vel
1056 3926 1119 4008 clm,
1144 3938 1179 3988 ut
1202 3925 1314 3989 scribit
1336 3925 1478 3990 celeber·

219 4027 320 4090 rimus
356 4028 486 4092 Buraeus
509 4029 543 4091 in
566 4050 622 4091 sua
646 4028 725 4092 Tab.
750 4027 1000 4112 Grammaticali,
1024 4029 1145 4092 tamin
1170 4030 1353 4094 masculinis
1378 4043 1410 4092 et
1433 4029 1478 4092 fe·

221 4130 362 4210 mininis,
386 4154 481 4216 quam
505 4131 644 4194 neutris:
668 4131 700 4195 in
724 4132 788 4194 illis
812 4132 977 4212 videlicet,
1001 4133 1057 4196 ubi
1080 4133 1276 4218 peculiarem
1293 4133 1478 4198 flectionem

223 4245 273 4297 est
295 4235 436 4298 sortitus.

307 4337 375 4402 NB.
422 4338 532 4401 Dativi
555 4351 588 4402 et
611 4339 743 4403 ablativi
765 4340 798 4402 in
822 4340 881 4404 hac
905 4341 1008 4404 forma
1030 4342 1161 4426 antiqua
1184 4343 1280 4404 etiam
1296 4341 1481 4404 terminatio

221 4441 285 4505 fuit
319 4441 350 4505 in
374 4465 437 4526 arn,
461 4466 531 4528 quae
553 4467 616 4507 non
641 4445 743 4508 solum
768 4445 801 4507 in
825 4445 952 4530 legibus
976 4447 1093 4509 nostris
1117 4447 1256 4532 antiquis
1280 4445 1481 4530 insequentis·

222 4547 313 4624 sime,
337 4545 393 4609 sed
418 4560 450 4608 et
473 4548 599 4612 usitatis
622 4549 698 4613 satis
722 4572 806 4635 saepe
830 4551 979 4614 occurrit.
1026 4551 1079 4614 Sic
1111 4551 1252 4616 Witnttm
1278 4573 1305 4614 c.
1326 4553 1366 4614 14
1395 4550 1481 4636 Drap

222 4649 319 4714 medh
344 4650 445 4714 wadh.
470 4651 549 4730 Iria,
575 4655 614 4717 13
632 4653 719 4738 Sth,
743 4656 846 4720 bolum
870 4677 896 4719 c.
923 4655 1482 4742 13e0d.,martume.13‚141)rap

223 4753 319 4817 medh
344 4754 445 4818 wadh.
472 4754 716 4834 StL.,wci'rltam
739 4781 808 4844 cap.
832 4759 851 4822 3
875 4773 908 4822 et
926 4759 966 4822 14
982 4760 1065 4843 eod„
1081 4759 1252 4825 Grannum
1275 4760 1330 4825 och
1352 4761 1483 4832 aoclan-

299 4877 447 4918 auruuuus:
469 4875 609 4920 stammana
623 4877 725 4921 svesana.
925 4897 927 4902 ,
1397 4865 1415 4920 4
