3674 5694
601 518 645 576 De
669 516 926 576 Declinationibus
950 516 1118 574 Nominum.
1451 519 1491 577 37

227 701 332 765 solum
368 702 506 788 genitivi
529 702 725 786 peculiarem
748 701 924 764 flexionem
947 699 1055 778 habet,
1080 699 1216 764 eandem
1240 723 1335 786 quam
1358 702 1420 765 ista
1443 724 1491 764 re·

229 805 362 882 cantior,
397 806 453 868 sed
491 819 523 868 et
557 805 658 868 dativi
682 804 842 872 interdum
872 817 905 868 et
928 804 1071 878 ablativi,
1102 791 1289 890 etquidem
1313 805 1489 870 ablativum

227 931 356 994 semper
389 909 498 973 dativo
522 910 673 987 similem,
696 907 761 971 vid.
785 907 868 972 Psal.
893 910 965 972 127:
989 909 1008 971 3
1029 909 1145 992 qlswor
1167 909 1230 973 thet
1253 911 1327 973 sitta
1349 915 1489 975 wduaer.

228 1012 310 1076 Psal.
339 1013 398 1077 127
423 1038 452 1076 v.
477 1015 495 1078 5
519 1014 609 1078 media
631 1015 706 1079 siaa
720 1013 864 1096 fieader:
887 1025 922 1074 ut
945 1024 1019 1098 post
1042 1034 1084 1074 ex
1107 1011 1185 1096 ipsis
1203 1013 1489 1097 paradigmatibus,

227 1115 283 1179 ubi
318 1129 452 1202 utraque
482 1117 581 1180 flexio
611 1116 809 1201 conjunctim
833 1115 874 1178 ob
898 1117 1009 1178 oculos
1033 1116 1176 1200 ponitur,
1200 1117 1316 1179 clarius
1341 1117 1489 1202 patescit.

314 1219 485 1284 Genitivus
520 1221 676 1284 formatur
704 1219 895 1304 regulariter
919 1219 1033 1282 eodem
1057 1220 1152 1283 modo
1176 1219 1209 1283 in
1233 1232 1368 1304 utroque
1392 1220 1490 1284 decli·

228 1323 394 1387 nationum
430 1324 533 1388 forma
567 1337 600 1387 et
633 1324 666 1387 in
696 1336 832 1409 utroque
855 1345 1000 1400 numere,
1025 1337 1089 1386 tarn
1113 1323 1145 1386 in
1170 1336 1369 1408 neutrorum,
1393 1347 1488 1410 quam
1583 1361 1586 1366 ,

229 1427 477 1490 masculinorum
502 1440 535 1490 et
558 1428 786 1490 femininorum
810 1427 1037 1502 declinatione,
1062 1427 1129 1489 sive
1153 1427 1185 1489 in
1209 1429 1354 1490 vocalem
1372 1428 1489 1491 sivein

228 1543 457 1595 consonantem
481 1532 699 1595 nominativus
723 1530 864 1594 desinat:
887 1552 1006 1615 nempe
1031 1529 1141 1593 addito
1165 1531 1268 1594 solum
1293 1552 1310 1596 s
1333 1531 1372 1595 ad
1389 1531 1491 1594 uomi-

228 1635 384 1700 nativum.

314 1740 383 1802 NB.
407 1739 577 1818 Quoniam,
590 1754 628 1803 ut
651 1739 747 1802 modo
771 1739 904 1816 dictum,
928 1739 1092 1822 genitivus
1116 1760 1180 1800 uno
1198 1738 1377 1824 eodemque
1395 1739 1491 1802 modo
1564 1732 1573 1744 ’

228 1842 385 1906 formatur
418 1843 451 1906 in
485 1856 620 1929 utraque
656 1843 907 1906 declinationum
942 1843 1056 1924 forma,
1080 1841 1153 1904 ideo
1177 1843 1236 1905 sub
1260 1841 1322 1905 hoo
1344 1843 1490 1927 generali

228 1947 333 2031 capite
358 1947 397 2010 de
422 1947 692 2010 declinationibus
716 1948 749 2010 in
772 1969 903 2032 genere,
929 1947 1029 2008 semel
1045 1945 1206 2030 generalis
1222 1945 1361 2008 traditur
1377 1947 1489 2031 regula

228 2049 268 2114 de
305 2051 375 2134 ejus
398 2051 603 2114 formatione.
649 2051 860 2135 Reliquorum
884 2061 992 2112 autem
1016 2071 1146 2112 casuum
1171 2049 1333 2126 formati0,
1357 2051 1432 2134 quia
1454 2049 1488 2112 in

228 2153 364 2217 diversis
399 2154 652 2217 declinat-ionum
683 2153 795 2216 formis
830 2153 968 2216 multum
1003 2153 1115 2230 variat,
1151 2153 1209 2216 sub
1244 2153 1341 2216 certis
1364 2153 1429 2216 illis
1453 2176 1491 2216 ac

228 2257 388 2321 distinctis
412 2257 664 2321 declinationum
692 2257 801 2319 formis
825 2256 1023 2319 commodius
1047 2257 1185 2341 proponi
1208 2257 1338 2340 poterit.

313 2361 450 2447 Excipe.
497 2361 640 2440 Quorum
675 2361 893 2424 nominativus
928 2361 1099 2445 singularis
1124 2359 1243 2422 desinit
1277 2361 1309 2423 in
1344 2382 1372 2440 s,
1396 2383 1434 2424 ca
1457 2362 1490 2423 in

227 2465 373 2550 genitivo
395 2465 477 2528 nihil
499 2467 674 2543 variantur,
697 2464 753 2528 sed
778 2477 908 2526 manent
931 2463 1022 2526 utin
1046 2464 1257 2547 nominativo,
1281 2466 1349 2528 sive
1367 2488 1489 2528 mascu-

228 2568 304 2645 lina,
328 2582 364 2630 ut
386 2591 442 2634 ens
462 2571 547 2651 prijs
570 2569 732 2645 sfoorleelt,
757 2568 824 2630 sive
849 2567 959 2630 femin.
984 2580 1020 2628 ut
1043 2588 1099 2632 eos
1119 2569 1204 2650 quos
1227 2568 1393 2652 twptteet,
1421 2569 1490 2631 sive

228 2684 315 2735 neut.
349 2685 385 2734 ut
418 2679 458 2736 etl
491 2673 572 2736 baua
605 2673 695 2756 b'o'yd.
743 2671 878 2733 Dativus
908 2684 1014 2732 tamen
1039 2683 1072 2734 ct
1095 2669 1254 2734 ablativus
1277 2671 1430 2756 flectitur,
1454 2685 1498 2734 ut'

228 2798 286 2838 suo
310 2776 382 2838 loeo
406 2776 539 2860 patebit.

314 2879 382 2942 NB.
428 2879 509 2942 Cum
533 2879 609 2942 hinc
632 2879 728 2942 facile
753 2879 900 2942 confusio
925 2901 1054 2942 casuum
1079 2879 1217 2964 genitivi
1241 2891 1273 2941 et
1297 2878 1489 2943 nominativi

229 2982 304 3044 oriri
338 2983 451 3068 possit,
485 2983 524 3046 ad
554 3006 623 3046 eam
653 2983 817 3046 vitandam
842 2983 925 3046 solet
947 2984 1109 3046 interdum
1133 2983 1167 3045 in
1191 2982 1318 3067 vulgari
1341 3005 1489 3044 sermone

229 3086 267 3148 ad
291 3086 469 3168 genitivum
495 3087 592 3172 adjici
616 3087 739 3171 syllaba
761 3109 811 3152 es:
834 3087 880 3150 sic
903 3087 935 3150 in
960 3088 1150 3172 pronomine
1173 3087 1257 3151 bans
1281 3087 1360 3170 ejus,
1377 3086 1490 3149 dicunt

227 3191 346 3255 hareses
369 3204 402 3253 et
424 3190 456 3252 in
484 3189 667 3253 nominibus
695 3191 833 3276 propriis
856 3191 1068 3275 frequentius,
1085 3203 1121 3254 ut
1139 3191 1226 3269 Nile,
1243 3191 1342 3274 genit.
1363 3191 1489 3270 Nilaea·

229 3294 358 3371 Heorta,
381 3295 481 3378 genit.
506 3293 676 3372 Hoonses;
699 3295 792 3372 dous,
815 3294 916 3378 genit.
938 3295 1065 3360 Joases.

314 3398 432 3460 Forma
460 3397 712 3461 declinationum
742 3410 792 3460 est
815 3397 947 3482 duplex,
972 3421 1035 3460 una
1056 3398 1267 3477 Absoluta,
1292 3399 1391 3462 altera
1414 3399 1487 3463 Re-

229 3501 420 3587 spectiva.

314 3604 383 3668 NB.
427 3604 543 3667 Omnia
576 3605 661 3668 enim
685 3606 816 3668 nomina
839 3605 1000 3690 duplicem
1028 3604 1148 3668 habent
1172 3607 1431 3669 terminationem
1457 3619 1491 3670 et

228 3709 287 3772 sub
312 3731 349 3771 ee
372 3731 498 3794 quoque
515 3709 678 3794 duplicem
701 3708 980 3793 significationem,
998 3709 1130 3772 alteram
1148 3710 1338 3793 absolutam,
1355 3711 1487 3773 alteram

198 3845 200 3850 ·
228 3813 453 3898 respectivam.

220 3981 222 3985 ,
315 3917 381 3980 Sub
401 3931 534 4001 utraque
552 3915 803 3980 declinationum
817 3917 920 3980 forma
936 3929 1000 3979 tres
1017 3917 1250 3980 declinationes
1267 3915 1489 3978 continentur:

228 4021 330 4105 prima
359 4021 619 4094 masculinorum,
642 4020 782 4082 secunda
806 4020 1046 4099 femininorum,
1070 4021 1165 4084 tertia
1188 4034 1386 4083 neutrorum.

312 4123 380 4186 NB.
426 4123 506 4186 (lum
540 4146 605 4185 non
640 4123 792 4207 adpareat
814 4123 895 4186 ratio
919 4125 1025 4208 aliqua
1048 4124 1226 4202 commoda,
1252 4135 1348 4208 atque
1372 4121 1488 4184 funda·

229 4239 372 4289 mentum
397 4240 520 4289 certum
544 4239 576 4290 et
600 4226 743 4304 evidens,
768 4227 989 4311 distinguendi
1013 4228 1245 4291 declinationes
1269 4250 1311 4289 ex
1335 4227 1415 4289 certi
1432 4225 1488 4288 ali-

229 4331 319 4414 cujus
355 4353 444 4393 casus
479 4330 631 4414 flexione,
666 4331 698 4393 in
734 4353 796 4415 qua
819 4353 914 4394 voces
938 4333 1142 4415 conveniant,
1166 4332 1219 4394 vel
1242 4329 1490 4394 disconveniant

228 4435 281 4516 (ut
309 4433 346 4496 fit
379 4433 411 4495 in
446 4434 557 4518 lingua
590 4434 723 4518 Latina)
758 4435 810 4495 vel
846 4457 887 4496 ex
917 4435 1143 4497 terminatione
1167 4433 1359 4498 nominativi
1383 4431 1489 4516 (utin

227 4537 335 4621 lingua
373 4537 494 4622 Graeoa)
526 4539 821 4601 commodissimum
856 4539 958 4600 visum
991 4551 1048 4612 est,
1073 4538 1119 4601 sic
1143 4561 1200 4622 pro
1224 4536 1343 4620 triplici
1367 4557 1487 4620 genere

227 4641 392 4706 nominum
428 4653 493 4704 tres
529 4665 656 4728 quoque
692 4642 924 4705 declinationes
959 4641 1124 4711 nominum
1156 4640 1367 4714 constituere:
1402 4637 1489 4736 quod

226 4744 323 4810 etiam
348 4744 381 4808 in
405 4767 462 4815 sua
485 4745 596 4839 lingua
619 4747 743 4821 faciunt
767 4746 930 4821 Germani,
