3648 5696
684 519 729 580 llr.
755 521 907 580 Aurivillii
932 519 1128 580 Grammatico
1151 523 1289 581 Svecana.

491 702 631 757 Masculin.
949 703 1078 758 Feminiu.
1359 703 1499 758 Neutrum.

438 792 526 855 Plur.

349 897 389 959 N.
413 903 467 959 dhe
490 903 594 977 luatipa
616 910 771 958 mdrtncmu
830 901 882 957 dhe
905 902 1009 975 laustipa
1031 903 1190 975 quinnornu
1229 901 1283 958 dlze
1305 902 1402 975 liatipa
1426 901 1526 958 diaron

349 1000 387 1064 G.
411 1007 465 1063 dhe
487 1007 592 1080 lustipa
614 1014 784 1062 mdnnernua
829 1005 882 1061 dhe
905 1005 1009 1078 luatipa
1030 1007 1205 1079 quinum-naa
1232 1005 1285 1061 dhe
1309 1005 1406 1078 listipa
1429 1006 1529 1061 diaron

351 1105 402 1176 D.,
425 1103 502 1166 Abl.
527 1110 631 1184 lustipa
652 1119 807 1165 mdnnerna
830 1109 883 1164 dle
905 1109 1008 1182 luatipu
1031 1111 1190 1183 quinnorna
1229 1109 1282 1164 ute
1305 1109 1401 1182 liatipc
1424 1109 1523 1164 dioran

350 1209 431 1270 Aee.
452 1213 507 1270 dte
529 1213 633 1288 lustipa
655 1222 810 1270 malancena
833 1212 886 1268 dte
908 1212 1012 1286 luatipa
1034 1213 1194 1286 quinnorna
1231 1211 1285 1268 uve
1307 1212 1405 1285 liatipa
1427 1212 1526 1268 diuren

579 1481 608 1544 8.
655 1478 708 1541 De
732 1477 1041 1563 Comparatione
1066 1475 1385 1560 Adjectivorum.

438 1631 616 1695 Peculiaris
640 1652 676 1693 ac
699 1631 790 1716 quasi
813 1631 943 1717 propria
960 1629 1192 1714 adjectivorum
1209 1629 1336 1694 affectio
1352 1645 1402 1695 est
1417 1633 1616 1717 comparatio

352 1737 429 1820 (nisi
452 1736 537 1821 quod
562 1733 714 1797 adverbia
738 1735 882 1819 quaedam
907 1735 1004 1798 etiam
1028 1734 1299 1818 comparationem
1324 1735 1512 1820 admittunt)
1529 1759 1616 1799 com-

353 1841 500 1926 petitque
530 1838 690 1915 omnibus,
713 1861 783 1922 quae
807 1838 973 1922 augmenti
997 1838 1143 1921 alicujus,
1168 1839 1220 1900 vel
1242 1837 1478 1902 imminutionis
1502 1863 1616 1902 secun-

353 1947 430 2008 dum
464 1943 582 2028 gradus
617 1955 691 2004 sunt
715 1943 852 2027 capacia,
877 1941 932 2025 qui
955 1941 1073 2026 gradus
1097 1953 1172 2004 sunt
1194 1955 1270 2018 tres,
1294 1943 1462 2026 positivus,
1488 1966 1617 2028 compa·

352 2047 475 2111 rativus
499 2059 532 2108 et
555 2045 782 2130 superlativus.
828 2045 951 2128 Estque
976 2044 1027 2106 vel
1053 2044 1207 2128 regularis
1230 2044 1284 2106 vel
1306 2045 1502 2130 irregularis.

443 2149 496 2212 De
520 2149 830 2233 Comparatione
855 2146 1058 2231 Reg-ulari.

442 2253 501 2316 Est
533 2252 600 2324 illa,
623 2251 656 2313 in
689 2273 752 2336 qua
784 2250 1020 2334 comparativus
1055 2262 1088 2312 et
1122 2250 1337 2334 superlativus
1360 2252 1553 2336 regulariter
1577 2252 1618 2315 ab

353 2357 425 2443 ipso
449 2355 590 2441 positivo
614 2355 794 2419 formantur
817 2377 875 2439 per
898 2367 1000 2416 certas
1024 2353 1265 2417 terminationes
1289 2355 1353 2439 ipsi
1376 2356 1529 2439 adjectas.

443 2463 470 2524 l.
514 2459 677 2522 Positivus
710 2458 828 2540 gradus
852 2472 911 2539 est,
935 2458 989 2542 qui
1012 2457 1203 2541 simpliciter
1225 2459 1440 2542 quantitatem
1463 2461 1517 2522 vel
1540 2482 1620 2544 qua-

354 2565 480 2628 litatem
514 2563 649 2646 alicujus
684 2562 731 2624 rei
765 2574 866 2638 notat,
897 2583 965 2645 quae
989 2561 1154 2644 augmenti
1177 2574 1232 2624 aut
1254 2561 1490 2625 imminutionis
1515 2585 1621 2648 capax

356 2682 405 2731 est
439 2688 497 2751 per
520 2665 793 2750 comparationem
818 2665 856 2727 ad
882 2663 979 2727 aliud.
1025 2663 1078 2726 Sic
1101 2665 1324 2748 quantitatem,
1349 2678 1385 2728 ut
1407 2671 1504 2742 atuor,
1530 2667 1620 2748 lciap,

355 2771 488 2847 claritat,
513 2769 610 2834 bredlt
633 2780 704 2850 eta,
733 2768 921 2852 qualitatem
945 2791 1003 2852 per
1027 2789 1137 2830 omnes
1161 2767 1395 2851 adjectivorum
1418 2770 1622 2832 terminatio·

252 2873 274 2898 ·'
356 2895 425 2951 nes,
460 2886 496 2935 ut
529 2872 640 2954 snauh,
672 2872 755 2947 lura,
786 2871 881 2948 laedit,
903 2871 982 2954 laces,
1005 2870 1108 2952 aluph,
1131 2871 1207 2953 rijlu,
1230 2872 1337 2947 satur,
1358 2893 1494 2954 prymen,
1519 2873 1622 2949 lutecia,

356 2977 474 3058 lcaapp,
488 2976 569 3059 sect,
584 2976 646 3058 fix,
671 2975 779 3056 laetiq,
808 2973 940 3056 homey,
963 2974 1057 3051 totot,
1079 2975 1218 3056 ntorum,
1231 2975 1419 3058 fruchtbur,
1445 2975 1624 3058 caucasum

358 3092 419 3142 etc.
443 3078 662 3161 opudhuchta'p.

443 3182 513 3246 NB.
557 3181 617 3243 Est
649 3181 705 3242 ille
740 3180 808 3242 fere
844 3179 1021 3242 communis
1055 3179 1193 3262 generis,
1228 3181 1375 3266 exceptis
1404 3181 1527 3266 paucis,
1551 3205 1624 3266 quae

358 3298 433 3349 sunt
464 3284 593 3370 generis
625 3283 739 3360 omnis,
774 3282 814 3345 de
850 3304 914 3366 quo
947 3305 1028 3367 sup,
1064 3282 1119 3345 ubi
1153 3281 1193 3345 de
1227 3304 1347 3368 genere
1386 3285 1625 3368 adjectivorum

358 3399 446 3474 (pag.
472 3389 523 3471 98,
547 3387 611 3467 99).

447 3492 497 3554 2.·
522 3489 780 3574 Comparativus,
821 3488 877 3572 qui
918 3487 1190 3574 comparationem
1224 3502 1257 3550 et
1291 3490 1422 3574 quidem
1457 3492 1626 3577 praecipue

359 3597 443 3660 inter
478 3595 558 3657 duos
592 3593 741 3671 involvit,
773 3593 972 3677 gradumque
997 3592 1136 3676 aliquem
1159 3593 1358 3677 quantitatis,
1381 3594 1435 3656 vel
1458 3595 1627 3678 qualitatis

360 3699 500 3786 positivo
535 3697 734 3784 superaddit,
764 3695 947 3780 desinitque
971 3695 1161 3780 regulariter
1184 3697 1217 3758 in
1240 3718 1307 3774 are,
1330 3697 1384 3760 vel
1408 3697 1507 3761 etiam
1530 3699 1628 3762 aliter

360 3827 393 3867 ιιι
416 3823 461 3868 re.

446 3905 618 3969 Formatur
652 3903 890 3988 comparativus
925 3925 943 3964 a
977 3901 1116 3986 positivo
1144 3901 1336 3986 regulariter
1360 3925 1396 3966 ac
1419 3904 1628 3990 plerumque,

361 4008 488 4094 adjecta
521 4007 748 4072 terminatione
782 4005 839 4067 illa
873 4004 1083 4089 comparativi
1116 4005 1234 4088 gradus
1263 4026 1320 4070 arc
1362 4007 1402 4070 ad
1436 4008 1627 4092 positivum.

362 4113 416 4178 Sic
438 4134 496 4197 per
518 4133 629 4175 omnes
646 4109 880 4192 adjectivorum
897 4107 1150 4183 terminationes,
1167 4109 1277 4185 snabb,
1295 4131 1436 4194 compar.
1453 4113 1631 4190 canthara·

362 4217 445 4292 lura,
480 4237 583 4298 comp.
620 4213 770 4290 ldvdare‚·
797 4212 876 4294 hess,
900 4211 1060 4288 heswarc;
1082 4211 1185 4294 aluph,
1208 4213 1359 4294 stupeam
1381 4215 1459 4296 rijlc,
1482 4217 1630 4296 rutam

361 4318 469 4395 εηᾶᾰί,
503 4317 658 4394 andium
689 4335 824 4397 prymen,
856 4333 1056 4396 grammar&
1084 4315 1181 4397 aleca,
1205 4315 1355 4395 eleuare·
1378 4317 1499 4400 kaapp,
1524 4319 1630 4401 katap-

357 4441 460 4505 pure;
473 4421 552 4504 feet,
566 4421 697 4504 fetum
704 4419 767 4500 fia,
774 4419 903 4500 flaura·
923 4419 1030 4498 lustra,
1047 4419 1219 4499 rusticam
1233 4419 1389 4503 huupvop,
1405 4421 1632 4504 lannoyum

363 4525 457 4606 taket,
480 4523 637 4596 toletam
661 4520 801 4603 marusa,
824 4520 1027 4596 mordetur&
1045 4520 1226 4604 srachtbcr,
1240 4522 1490 4604 fruchtburure;
1513 4527 1633 4609 ἀμφασ-

363 4647 445 4708 aaut,
467 4627 748 4710 dppdcsammuve;
764 4623 961 4710 opudaclvtip,
976 4625 1220 4708 opuduchtipare
1237 4639 1298 4690 etc.
1337 4627 1513 4693 Formatur
1531 4630 1632 4694 etiam

365 4731 469 4816 aliter,
492 4729 618 4816 adjecta
652 4741 777 4792 tantum
811 4728 1038 4828 terminatione
1072 4750 1107 4793 re
1138 4729 1178 4793 ad
1206 4731 1394 4818 positivum,
1430 4747 1529 4822 atque
1554 4748 1634 4800 tunc
