3674 5694
370 477 411 536 30
701 477 747 538 Er.
772 477 924 536 Aurivillii
948 479 1144 538 Grammatico
1167 482 1304 540 Sveoana.

453 661 579 746 Excipe
606 663 638 738 l)
683 659 790 724 Pauca
814 661 1007 726 masculina:
1032 673 1067 725 ut
1090 663 1199 745 apald,
1223 663 1291 726 tell.

454 767 489 844 2)
513 765 637 828 Neutra
660 765 825 848 nonnulla,
849 778 886 828 ut
907 767 1019 845 wrote,
1043 768 1180 842 Meister,
1204 767 1350 849 hepteris,
1373 768 1462 843 borlo,
1486 772 1569 849 tryy.

454 869 613 932 Neutra
636 879 722 931 sunt:

457 975 483 1036 l.
530 971 754 1058 Imperiorum‚
779 994 963 1057 regnorum,
985 973 1155 1058 regionum
1180 986 1213 1038 et
1235 973 1473 1060 provinciarum
1491 971 1627 1038 ,nomina

368 1099 432 1140 non
456 1076 560 1139 solum
585 1060 611 1139 a'
626 1075 704 1140 lead
726 1088 759 1138 et
781 1077 849 1141 rite
872 1078 1050 1162 composita
1072 1077 1129 1162 (de
1154 1077 1270 1162 quibus
1293 1079 1419 1163 postea)
1443 1075 1498 1140 sed
1523 1087 1556 1140 et
1580 1075 1626 1138 al·

368 1179 468 1242 terius
492 1180 710 1263 cujuscunque
735 1179 981 1256 terminationis,
1005 1193 1040 1243 ut
1067 1181 1192 1264 Tarttj,
1223 1182 1381 1262 Tartarij,
1401 1180 1529 1261 Italien,
1546 1178 1626 1260 Spa-

367 1286 450 1360 niam,
487 1281 671 1358 Doantorle,
710 1282 830 1348 Perseo
864 1284 916 1346 vel
953 1284 1096 1367 Persian,
1126 1286 1281 1359 Arabim,
1313 1285 1449 1365 Unpera,
1475 1283 1625 1357 Bahman,

370 1387 476 1462 Pelen,
513 1386 662 1469 Litoweo,
698 1386 852 1468 Prpsseo,
882 1387 1003 1454 *Senem
1045 1387 1251 1471 Breasswt'q,
1275 1388 1409 1463 Anhelt,
1440 1386 1626 1469 Weatsalen,

369 1490 507 1566 Hdssea,
544 1488 724 1572 Diira'apea,
742 1489 886 1571 Beijero,
911 1491 1093 1572 Lotriapea,
1120 1492 1233 1570 Elaea,
1261 1492 1362 1568 Trier,
1388 1489 1477 1572 Colo,
1501 1491 1626 1554 Lernen-

368 1594 460 1675 burp,
491 1593 607 1669 Sidae,
644 1592 793 1674 Blelriap,
830 1592 974 1675 Melped,
1010 1594 1170 1669 Semelen,
1209 1596 1361 1678 Nemeen,
1390 1593 1533 1666 Goreleo,
1557 1592 1626 1656 Bo-

367 1697 450 1760 toas
473 1709 534 1760 eto.

454 1799 529 1863 Not.
575 1799 660 1862 Vide
685 1811 803 1873 tamen,
829 1822 934 1862 annon
961 1799 1089 1874 Italian,
1126 1800 1276 1884 Spatalen,
1300 1800 1446 1878 Greoien,
1471 1801 1626 1882 Arobien,

367 1905 502 1970 Persian
525 1916 558 1966 et
580 1902 707 1978 similia,
732 1903 860 1986 quando
884 1903 1074 1988 simplieiter
1097 1904 1262 1987 regionem
1281 1918 1403 1968 tantum
1422 1917 1544 1980 notant,
1562 1904 1628 1966 sint

367 2008 474 2094 potius
500 2007 666 2083 feminina,
692 2007 730 2068 ad
753 2007 967 2069 imitationem
990 2007 1188 2070 Latinorum.

452 2113 481 2175 2.
528 2111 665 2174 Urbium
702 2111 832 2172 nomina
867 2111 1007 2194 propria,
1036 2111 1164 2195 quando
1188 2111 1333 2174 absolute
1358 2123 1532 2195 ponuntur,
1557 2111 1625 2173 sine

367 2237 520 2300 expresse
556 2213 675 2285 addito,
700 2214 752 2275 vel
776 2214 860 2276 clare
885 2213 1113 2278 subintellecto
1136 2216 1247 2292 sladb,·
1271 2215 1338 2276 sive
1363 2215 1533 2299 simplicia,
1557 2215 1625 2277 sive

367 2319 559 2404 composita:
585 2332 619 2379 ut
642 2317 760 2400 Gdffle,
786 2315 928 2392 Oolmor,
952 2319 1094 2400 Arboua,
1117 2319 1256 2401 Kipiop,
1277 2319 1389 2390 Trono,
1407 2318 1499 2394 Rom,
1525 2317 1625 2392 Wiea,

368 2424 477 2506 Paria,
516 2422 659 2504 Dantaip
697 2433 757 2484 ete.
806 2421 992 2496 Stockltolm
1034 2407 1161 2498 (lrebro,
1198 2421 1385 2504 Gdtlaeborp,
1427 2422 1625 2504 Norkiipiap.

366 2525 599 2608 deenlrompn
633 2537 694 2588 etc.
739 2525 777 2587 Ε.
807 2548 837 2609 g.
866 2525 1042 2589 Stoetbolm
1064 2530 1105 2590 dr
1127 2531 1229 2590 storre
1251 2531 1296 2590 dn
1325 2524 1466 2608 [ipsulm
1489 2526 1534 2588 ita
1558 2525 1626 2610 qui-

367 2629 440 2692 dem
466 2629 615 2692 usitatius
640 2629 802 2712 loquimur
825 2627 894 2690 sine
919 2629 1054 2690 articulo
1078 2650 1247 2712 express03
1271 2628 1327 2712 qui
1351 2641 1457 2690 tamen
1486 2629 1513 2692 si
1530 2629 1625 2692 adde·

365 2746 453 2796 retur
477 2748 562 2796 esset
596 2733 741 2794 neutrius
776 2731 918 2814 generis:
943 2745 978 2793 ut
1003 2733 1179 2796 Stoekltolm
1201 2732 1271 2796 cibel
1298 2737 1338 2796 cir
1361 2737 1465 2796 sliirre
1487 2738 1532 2797 cin
1563 2733 1625 2813 Up-

364 2838 447 2902 sala.
506 2838 596 2900 Alias
633 2836 659 2898 si
693 2835 955 2919 subintelligatur
988 2836 1092 2918 studit,
1126 2836 1297 2920 proditel,
1332 2837 1396 2900 ban
1430 2835 1623 2900 diceremus.

366 2964 462 3026 supra
485 2964 514 3026 p.
541 2941 593 3004 28.

452 3045 543 3107 Idem
568 3065 695 3128 quoque
719 3044 752 3105 in
776 3042 992 3128 paroeciarum
1017 3042 1200 3106 nominibus
1225 3043 1362 3127 propriis
1385 3041 1519 3117 obtinet,
1549 3066 1626 3128 quo·

366 3151 449 3213 tiens
484 3172 548 3211 non
583 3169 736 3232 expresse
759 3147 901 3232 ponitur,
934 3147 986 3208 vel
1012 3146 1266 3231 subintelligitur
1289 3148 1383 3212 soka:
1409 3161 1443 3210 ut
1473 3147 1626 3230 Woxalo,

367 3252 551 3330 Danaam,
589 3251 698 3330 Beate,
735 3251 828 3332 Tierp
864 3263 923 3313 eto.
970 3250 1007 3312 Ε.
1043 3273 1073 3335 g.
1109 3251 1155 3312 sio
1189 3250 1341 3312 dicimus:
1374 3251 1469 3333 Tierp
1491 3251 1563 3314 ditet
1585 3258 1626 3316 dr

365 3363 469 3422 sidrre
490 3361 535 3421 iio
557 3353 731 3420 Doamorle
754 3368 815 3418 eto.

452 3462 482 3524 3.
527 3459 703 3523 Fructuum
729 3459 934 3522 arboreorum
958 3458 1195 3543 plerorumque,
1219 3479 1279 3520 neo
1304 3480 1366 3520 non
1384 3458 1552 3522 baccarum
1569 3482 1626 3521 no·

368 3565 468 3628 mina:
503 3576 540 3626 ut
572 3565 654 3646 ciple,
682 3567 801 3646 pdron,
835 3563 1003 3645 plomrnon,
1033 3562 1170 3643 lor-ijleom
1194 3565 1315 3639 ratario,
1331 3562 1447 3645 fijltoo,
1470 3563 1626 3645 sweolcum,

364 3672 494 3750 alopen,
529 3669 668 3750 tz‘jatroa,
702 3667 790 3732 dilen
824 3679 883 3728 ete.
914 3665 1033 3741 bullon,
1068 3666 1186 3746 linono,
1210 3666 1342 3741 soalon,
1366 3665 1533 3740 smaltroa,
1549 3667 1625 3748 jor·

365 3779 449 3850 troo,
472 3772 601 3849 mioloa,
625 3772 706 3835 odon
729 3783 790 3833 ete.
814 3772 954 3834 tritomo.

451 3875 554 3961 Eripe
581 3877 613 3954 1)
660 3875 737 3939 Noa
759 3873 963 3953 femininum,
985 3873 1099 3954 miapel
1122 3871 1334 3935 masculinum
1359 3883 1419 3936 ete.

452 3983 486 4058 2)
531 3979 779 4042 Frumentorum
815 3977 1027 4061 leguminum,
1057 3989 1090 4039 et
1112 3976 1355 4062 peregrinorum
1380 3976 1545 4040 fruetuum
1568 4001 1627 4041 no·

366 4083 453 4148 mina
485 4083 530 4146 ita
558 4084 684 4146 variant
705 4105 818 4168 genus,
842 4094 878 4145 ut
902 4104 965 4143 non
990 4103 1031 4144 ex
1055 4079 1300 4165 significatione,
1323 4080 1379 4142 sed
1403 4103 1445 4142 ex
1469 4105 1528 4144 usu
1552 4106 1626 4168 cog·

366 4188 456 4253 nosci
480 4187 605 4251 debeat.
653 4187 705 4250 Sio
728 4187 832 4264 hwete,
856 4187 935 4250 liora
959 4197 1071 4247 neutra
1095 4197 1184 4259 sunt;
1208 4185 1294 4266 reple,
1317 4184 1417 4267 basra
1433 4186 1625 4250 masculina:

364 4292 476 4357 vocab.
511 4291 602 4375 addit,
625 4291 834 4373 apaanemdbi
856 4290 1011 4353 feminina
1035 4302 1094 4352 eto.
1142 4289 1195 4351 Sic
1210 4309 1325 4370 pepor,
1349 4289 1485 4366 oraudd,
1508 4293 1626 4368 ooaeel,

365 4397 459 4464 dodel
493 4409 553 4458 eto.
588 4395 779 4470 masculina3
814 4394 952 4476 inpefdr,
987 4393 1109 4468 lemin.;
1143 4391 1276 4467 maslot,
1307 4393 1419 4468 eitron,
1439 4401 1628 4473 pomerania

366 4515 426 4566 etc.
450 4513 573 4564 neutra.

449 4609 479 4669 4.
526 4602 732 4666 Metellorum
757 4601 888 4664 nomina
912 4600 1065 4686 pleraque
1088 4609 1202 4660 neutra
1219 4610 1306 4661 sunt:
1324 4611 1360 4661 nt
1372 4599 1473 4680 pullu,
1492 4601 1627 4685 eliswer,

365 4714 448 4786 tene,
472 4708 554 4792 hipp,
578 4705 672 4780 bloet,
689 4705 783 4788 jaira,
808 4705 903 4782 stobi,
927 4705 1011 4781 siam
1036 4701 1117 4764 adde
1141 4701 1237 4764 etiam
1260 4702 1353 4786 alopp
1376 4715 1437 4767 eto.
