3648 5696
788 504 831 561 De
855 503 960 562 Verbo.
1444 503 1503 560 123

332 688 408 754 Ther
431 711 489 752 seu
511 688 589 753 dart
610 707 688 765 som,
712 688 808 771 quod,
832 710 855 750 s.
880 687 961 751 illud
985 687 1082 772 quod,
1105 688 1138 750 in
1154 687 1270 750 iisdem
1287 687 1414 750 casibus
1430 688 1504 750 fiec-

241 792 329 854 titur.
376 791 457 856 Gen.
481 791 562 876 sing.
586 793 665 856 ddss
688 811 775 869 sonu
797 813 883 854 nom.
908 793 989 875 plur.
1014 793 1142 857 darom
1165 814 1234 876 quae
1259 792 1313 853 vel
1340 791 1397 856 illa
1423 815 1503 876 quae3

238 896 338 978 genit.
363 897 459 961 dorus
482 917 549 960 som
572 895 702 957 illorum
729 897 795 980 qui.
841 896 927 972 Dat,
950 895 1012 959 abl.
1037 897 1112 960 daim
1135 917 1203 960 som
1226 895 1291 958 illis
1314 895 1379 979 qui.

329 999 408 1065 Hora
430 1000 530 1081 ridlff,
551 999 613 1063 bora
636 999 734 1081 sidlffi
758 999 835 1064 durh
857 1000 970 1083 aidlfft.

328 1103 575 1167 Indeclinabilia
598 1124 667 1164 esse
691 1102 852 1165 videntur.
899 1103 1031 1166 sivero
1055 1102 1137 1165 forte
1161 1101 1342 1178 flectantur,
1368 1101 1503 1164 candem

242 1229 314 1269 oum
339 1207 540 1292 simplicibus
563 1206 738 1269 flexionem
762 1205 891 1268 habent.
1406 1289 1408 1294 Ι

328 1310 438 1376 Hwem
472 1332 549 1388 som,
583 1311 621 1374 lto
656 1331 733 1392 sora,
766 1310 880 1374 hwadlt
913 1331 1002 1389 som,
1025 1309 1108 1372 siout
1134 1309 1305 1394 simplicia,
1328 1308 1504 1371 indeclina-

249 1414 326 1478 bilia
350 1428 434 1479 sunt.

331 1519 479 1584 Hwillten
501 1539 579 1601 som,
602 1520 692 1584 hwar
714 1540 782 1585 som
805 1518 1008 1582 declinantur
1032 1519 1115 1581 sicut
1138 1517 1306 1602 simplicia.

328 1622 439 1687 Harena
473 1643 540 1686 som
573 1623 669 1698 bellat,
698 1625 827 1688 bosom
848 1623 957 1698 nullst,
980 1622 1094 1686 hwadb
1116 1642 1183 1686 som
1206 1623 1305 1686 bdllst
1327 1621 1503 1684 indeclina-

241 1727 319 1791 bilia
343 1741 427 1810 snnt‚
451 1739 488 1790 ut
510 1727 580 1812 ipsa
604 1727 773 1812 simplicia.

330 1832 471 1909 Ebwem,
494 1831 558 1914 ebe,
584 1831 723 1897 ebwudb.
769 1829 1026 1904 Indeclinabilia,
1050 1841 1087 1891 ut
1109 1828 1278 1914 simplicia.

327 1934 476 2000 Hwt'lltea
498 1956 566 2000 som
588 1935 675 2000 tdtst
698 1934 878 1998 declinatur
902 1946 937 1996 ut
962 1933 1068 2019 ipsum
1093 1932 1243 2017 simplex.

328 2038 403 2102 Not.
448 2039 681 2112 Relativorum‚
715 2039 807 2103 twar
840 2039 895 2102 och
927 2059 976 2113 ea,
1009 2037 1113 2101 lawart
1136 2036 1191 2100 orb
1210 2043 1260 2102 ett.
1307 2038 1391 2100 Item
1414 2037 1505 2102 bacar

243 2163 363 2219 annau,
386 2141 490 2206 bwurl
513 2148 625 2220 antrat,
649 2141 823 2205 declinatio
846 2141 899 2203 hic
922 2161 1049 2227 quoque
1075 2139 1277 2224 exponenda.

669 2349 699 2411 3.
744 2346 1073 2431 Reciprocorum.

328 2468 385 2552 sip
407 2471 506 2552 sirilff.
553 2469 606 2532 Sic
629 2469 819 2543 declinatur,
844 2479 880 2530 ut
901 2467 1062 2551 posterior
1084 2489 1150 2530 vox
1173 2465 1314 2551 simplex
1337 2464 1438 2548 siit'lff.

633 2675 662 2737 4.
709 2671 1118 2756 interrogativorum.

326 2792 579 2858 Hwillreadero?
601 2793 705 2858 flectit
725 2793 825 2879 genit.
849 2793 1090 2858 hwillreadrras.
1138 2789 1381 2856 Hwillratdera?
1404 2787 1504 2872 genit.

239 2896 474 2962 twizterdems.

325 2998 394 3062 NB.
440 2999 627 3064 Possessiva
649 3001 827 3086 composita
852 3001 940 3064 nulla
963 3000 1179 3086 reperiuntur.

744 3222 777 3289 4.
822 3227 867 3288 De
890 3223 1002 3290 Verbo.

326 3375 470 3438 Verbum
496 3388 545 3439 est
567 3399 642 3451 vox,
667 3378 827 3441 actionem
851 3379 1002 3462 aliquam,
1026 3389 1081 3440 aut
1104 3375 1284 3461 passionem
1309 3373 1504 3459 significans.

238 3479 397 3558 Quoniam
431 3493 540 3542 autem
574 3482 657 3544 actio
681 3495 714 3544 et
737 3481 842 3566 passio
867 3482 1007 3544 maxime
1031 3480 1184 3543 notabilis
1208 3496 1258 3542 est
1280 3501 1502 3564 personarum,

238 3582 356 3645 iccirco
393 3581 526 3645 verbum
562 3605 619 3668 per
655 3597 718 3648 tres
746 3607 898 3670 personas
921 3583 1063 3647 flectitur
1087 3597 1120 3645 et
1143 3584 1345 3667 conjugatur,
1362 3582 1433 3664 jag,
1458 3587 1503 3658 tu,

237 3686 321 3764 ham·
355 3708 397 3748 ex
431 3686 547 3770 quibus
581 3687 716 3772 proinde
752 3687 886 3772 adjectis
921 3699 1054 3762 constat,
1090 3708 1235 3771 quaenam
1259 3707 1325 3747 vox
1348 3687 1390 3747 sit
1412 3685 1504 3747 verbi

238 3789 349 3874 partis.
398 3789 461 3852 Ubi
484 3790 671 3874 notandum,
684 3791 770 3876 quod
787 3791 845 3854 sub
862 3791 958 3854 tertia
974 3813 1111 3876 persona
1126 3791 1191 3854 bart
1208 3790 1390 3852 continetur
1405 3788 1503 3850 etiam

238 3892 388 3955 feminin.
412 3894 483 3970 bora,
507 3905 541 3956 et
563 3907 713 3957 neutrum
738 3896 824 3961 ddlb.

327 3995 449 4080 Estque
473 3997 526 4060 vel
550 3997 732 4062 Personale.
756 3999 809 4062 vel
833 3997 1067 4083 Impersonale‚

324 4099 474 4162 Person
485 4101 555 4175 ale,
585 4100 671 4185 quod
697 4103 890 4186 conjugatur
905 4124 963 4186 per
979 4123 1091 4164 omnes
1105 4115 1169 4164 tres
1188 4123 1352 4185 personas,
1368 4100 1401 4162 in
1418 4113 1504 4163 utro-

238 4225 300 4286 que
337 4226 482 4278 numero,
518 4216 554 4266 ut
580 4205 664 4286 jcpb
697 4206 822 4282 citatur,
846 4205 1115 4280 lectisternium
1139 4205 1502 4287 dislorffloadlslrar,

236 4307 314 4370 dart
336 4307 466 4391 dlslrar)
488 4309 544 4390 wij
559 4309 693 4384 cistam,
719 4308 742 4372 I
760 4309 883 4391 disten,
907 4309 955 4372 thr
978 4309 1030 4371 vol
1053 4309 1090 4373 de
1113 4309 1219 4374 dista.

324 4409 610 4495 Impersonale‚
630 4412 716 4497 quod
739 4435 803 4476 non
827 4435 885 4497 per
909 4434 1020 4475 omnes
1044 4426 1120 4490 tres,
1144 4412 1200 4475 red
1217 4424 1342 4474 tantum
1358 4411 1392 4473 in
1408 4411 1505 4474 tertia

237 4535 375 4598 persona
402 4515 574 4599 singularis
609 4517 735 4579 numeri
759 4517 962 4600 conjugatur,
987 4530 1022 4578 ut
1046 4515 1108 4580 rtet
1129 4516 1183 4578 vel
1205 4515 1282 4581 ddtt
1304 4515 1403 4590 almer,
1428 4515 1505 4580 ddtt

236 4619 357 4700 pictam,
380 4619 457 4683 dcitlt
477 4620 588 4701 addes,
612 4641 689 4685 maa
711 4624 816 4703 siper.

324 4721 436 4785 Verbo
460 4721 613 4788 accidunt
636 4736 720 4790 octo.
