3648 5696
344 498 403 558 112
670 499 718 556 Er.
743 499 893 557 Aurivillii
921 499 1116 558 Grammatica
1140 500 1277 559 Svecaoa.

339 681 487 768 positivis
515 681 548 744 in
582 681 621 748 sla
655 681 894 746 desinentibus:
929 706 993 747 non
1027 684 1113 746 enim
1148 683 1286 748 dicimus
1308 685 1504 750 mordiskust
1528 701 1601 764 etc,

339 785 396 850 sed
420 785 472 848 vel
495 785 716 871 irregulariter
731 785 888 850 formatur
911 787 1140 872 superlativus,
1164 789 1217 852 vel
1242 810 1300 873 pro
1324 809 1363 851 eo
1387 788 1468 852 alius
1491 789 1598 874 supel-
1682 855 1684 860 ,
1796 793 1802 806 “

339 889 458 953 latirus
481 901 663 974 usurpatur.

425 1013 460 1057 11.
507 993 597 1056 Siout
621 993 867 1078 comparativus,
898 993 943 1056 ita
966 994 1063 1057 etiam
1086 995 1303 1080 superlativus
1327 1007 1376 1058 est
1391 995 1520 1080 generis
1536 1018 1601 1058 om·

340 1100 401 1178 nis,
424 1097 561 1160 dicimus
585 1111 692 1161 tamen
715 1098 748 1160 in
772 1097 877 1161 forma
900 1098 1057 1178 absoluta,
1073 1105 1181 1184 sitiret,
1199 1103 1307 1178 minat,
1322 1101 1423 1166 ettdsr
1441 1115 1502 1163 eto.
1517 1122 1600 1183 murt,

340 1204 473 1285 quiana,
496 1202 581 1282 tiam
603 1202 766 1277 suobbcst,
790 1201 929 1276 saetosa,
950 1208 1138 1284 prymmost.
1159 1203 1261 1282 feteat
1284 1215 1345 1266 eto.
1368 1224 1455 1286 moa,
1470 1205 1601 1286 quiana,

340 1306 449 1370 diuur.
494 1303 532 1368 In
556 1304 659 1366 forma
682 1305 874 1390 respectiva,
897 1305 977 1370 dhara
1000 1311 1125 1388 altreie,
1140 1309 1264 1386 minate,
1280 1327 1428 1390 munuca,
1445 1309 1602 1388 quianam

342 1408 413 1473 tter
435 1413 561 1486 elevate,
586 1410 709 1491 mutate,
732 1409 834 1473 c't'ldste
858 1411 955 1490 turpet
979 1422 1050 1485 etc.;
1074 1411 1155 1475 dieu
1177 1410 1229 1473 vel
1246 1411 1318 1476 atet
1332 1411 1512 1493 suebbaate,
1529 1409 1602 1474 aad·

342 1513 433 1594 laste,
453 1519 659 1596 prymmastc,
674 1514 796 1595 seruate
818 1533 965 1595 mauueu,
989 1515 1143 1596 quianon,
1167 1516 1281 1579 ditaret.

429 1615 503 1678 Not.
549 1615 657 1678 Hodie
691 1615 867 1700 saepissime
900 1616 1014 1679 saltem
1050 1617 1190 1681 dialecto
1225 1618 1327 1702 magis
1351 1619 1469 1682 usitata
1493 1619 1606 1682 disinit

342 1720 439 1782 etiam
462 1719 495 1781 in
518 1740 549 1794 a,
574 1731 609 1781 ut
631 1724 763 1796 sterria,
786 1722 915 1793 minata,
939 1724 1062 1786 wrirstu
1084 1721 1197 1786 kdaleu
1220 1735 1281 1786 etc.
1327 1721 1431 1785 Juxta
1454 1721 1601 1786 Buraeum

342 1823 495 1907 superlat.
519 1835 608 1885 neut.
632 1844 705 1905 gen.
730 1822 851 1884 desinit
874 1823 906 1884 in
929 1844 959 1886 a.

428 1945 475 1988 111.
521 1926 574 1988 Ex
598 1926 799 2010 praecedente
824 1927 934 2010 regula
957 1941 1047 2012 patet
1070 1928 1167 1990 etiarn
1191 1929 1424 2014 superlativum
1450 1929 1545 1992 aliam
1568 1929 1603 1991 in

342 2031 447 2093 forma
481 2030 672 2114 respectiva,
707 2052 800 2115 quam
832 2030 988 2107 absoluta,
1013 2032 1274 2096 terminationem
1299 2032 1430 2097 habere.
1476 2032 1606 2096 Forma·

342 2149 458 2219 turque
482 2134 663 2218 respectiva
686 2134 790 2197 forma
811 2134 850 2196 ab
874 2135 1031 2218 absoluta,
1056 2135 1183 2218 adjecto
1206 2137 1312 2200 solum
1335 2137 1369 2200 in
1392 2135 1456 2199 fine
1480 2159 1504 2202 e.
1590 2168 1592 2172 ·

429 2257 472 2301 1v.
518 2237 797 2316 Quemadmodum
832 2239 1081 2322 comparativus,
1115 2239 1159 2302 ita
1194 2241 1291 2303 etiam
1316 2240 1531 2325 superlativus
1557 2241 1606 2302 in·

283 2347 296 2360 “
344 2341 544 2406 declinabilis
578 2355 627 2404 est
660 2341 694 2404 in
728 2357 863 2427 utraque
900 2343 1013 2424 forma,
1048 2359 1080 2404 et
1113 2344 1239 2406 nullum
1275 2367 1383 2408 casum
1408 2366 1448 2406 ne
1472 2344 1603 2429 quidem

343 2446 499 2510 nominat.
524 2445 693 2530 pluralem,
717 2467 757 2508 ne
783 2445 861 2508 dum
884 2445 1033 2530 obliquos
1057 2469 1148 2510 casus
1172 2447 1285 2510 flectit.

430 2549 566 2633 Excipe.
614 2548 754 2612 Videtur
788 2563 896 2612 tamen
932 2550 1046 2613 saltem
1080 2551 1186 2634 quoad
1210 2551 1348 2636 aliquam
1374 2551 1548 2613 dialectum
1572 2547 1606 2610 in

345 2651 465 2715 nomin.
500 2653 617 2737 plurali
651 2652 739 2716 flecti
774 2654 806 2716 in
830 2675 860 2732 η,
882 2667 918 2716 ut
941 2655 998 2719 dte
1020 2659 1153 2737 eldrade,
1175 2656 1306 2737 minata,
1329 2655 1460 2729 silidam,
1483 2654 1608 2736 hdpsta,

343 2759 476 2838 wdrstu,
499 2760 688 2833 ηηῐηηεηηη,
715 2759 907 2840 putaueras,
930 2759 1045 2823 diurea
1068 2772 1128 2822 eto.
1175 2758 1361 2822 Notandum
1386 2770 1495 2821 autem
1520 2754 1606 2839 quod

344 2859 541 2944 supellativi‚
564 2861 620 2945 qui
643 2861 779 2923 veniunt
802 2885 819 2924 a
842 2861 1069 2946 comparativis
1092 2863 1125 2924 in
1148 2884 1215 2943 ure,
1239 2876 1270 2924 et
1294 2862 1327 2924 in
1350 2861 1455 2925 forma
1480 2881 1607 2944 respec-

344 2962 412 3026 tiva
444 2963 597 3026 desinunt
630 2964 661 3026 in
697 2970 775 3045 asle,
804 2963 945 3027 formant
968 2987 1010 3027 ex
1033 2987 1067 3028 se
1091 2966 1211 3028 nomin.
1236 2965 1405 3050 pluralem,
1430 2963 1609 3048 primume

345 3064 434 3129 finali
469 3068 590 3131 nomin.
625 3067 797 3152 singularis
835 3082 958 3131 mutato
994 3069 1026 3131 in
1053 3090 1084 3143 a,
1109 3081 1142 3131 et
1173 3082 1284 3132 contra
1307 3089 1328 3132 η
1351 3068 1442 3146 illud,
1466 3065 1552 3152 quod
1573 3065 1606 3127 in

345 3169 501 3254 singulari
525 3184 574 3234 est
597 3185 670 3234 ante
693 3177 749 3249 sle,
774 3185 897 3234 mutato
920 3173 952 3234 in
976 3195 1000 3236 e.
1047 3172 1100 3235 Sir-
1123 3173 1293 3257 singularis
1323 3173 1403 3237 divers
1425 3171 1608 3250 accoluere,

348 3273 431 3358 plur.
466 3274 524 3338 dhe
551 3277 742 3353 erubuerim
765 3275 846 3360 sing.
871 3277 952 3340 dieu
975 3277 1129 3352 leudaste,
1153 3276 1235 3360 plur.
1258 3276 1316 3340 dle
1339 3277 1500 3351 turdarum
1525 3273 1607 3356 sing.

346 3377 427 3442 dlveu
450 3379 605 3461 aodluate,
628 3379 710 3463 plur.
734 3379 792 3444 dhe
807 3380 969 3458 saetosam
986 3380 1067 3444 dieu
1079 3385 1284 3463 yrymmuate,
1301 3379 1345 3464 pl.
1361 3379 1419 3442 dte
1431 3383 1609 3461 premerem

346 3479 426 3545 dhan
448 3481 600 3564 kleaasle,
622 3483 681 3547 dite
702 3483 853 3548 lrleuestu.
900 3482 962 3548 Sed
986 3483 1018 3545 in
1043 3482 1092 3546 his
1116 3506 1191 3546 sane
1215 3505 1291 3546 usus
1314 3483 1451 3545 multum
1468 3481 1607 3546 vacillat.

434 3584 489 3647 De
514 3585 826 3670 Comparatione
850 3587 1080 3672 irregulari.

435 3689 627 3774 Irregularis
649 3691 845 3775 comparatio
867 3704 925 3770 est,
948 3690 1076 3776 quando
1093 3691 1328 3776 comparativus
1345 3702 1378 3752 et
1394 3688 1610 3773 superlativus

347 3815 412 3857 non
436 3792 616 3856 formantur
639 3817 656 3857 a
679 3794 830 3879 positivo,
854 3795 911 3858 sed
935 3795 1064 3858 aliunde
1088 3794 1297 3858 descendunt.
1336 3794 1382 3859 Ut
1395 3793 1487 3877 podis,
1504 3814 1608 3878 comp.

348 3898 459 3974 ladius,
483 3920 553 3983 sup.
578 3899 666 3977 briat;
688 3899 771 3977 elale,
794 3905 908 3982 werre,
930 3905 1050 3976 wilram
1073 3900 1158 3975 litere,
1179 3899 1313 3981 miudre,
1328 3900 1444 3976 minst;
1456 3896 1609 3980 purnmul,

350 4001 465 4084 dlldre,
488 4002 575 4066 stass
598 4015 660 4066 etc.

435 4104 588 4183 Quaedam
624 4105 721 4168 etiam
746 4105 966 4190 irregulariter
989 4121 1225 4191 comparantur,
1248 4106 1312 4170 alia
1335 4105 1442 4189 aliqua
1465 4126 1544 4167 voce
1568 4103 1607 4167 ad

349 4207 524 4294 positivum
549 4209 685 4293 adjecta,
709 4208 747 4271 ad
772 4209 1019 4294 exprimendum
1044 4211 1297 4295 comparativum
1315 4222 1348 4272 et
1363 4207 1608 4293 superlativum,

350 4326 385 4376 ut
419 4313 457 4376 ad
493 4312 758 4397 comparativum,
793 4334 884 4390 moer,
910 4313 961 4376 vel
985 4316 1105 4390 terrra
1129 4317 1168 4376 ad
1192 4313 1425 4398 superlativum
1449 4316 1532 4376 vadat
1555 4312 1606 4374 vel

348 4415 430 4482 beist.
476 4416 529 4481 Sic
563 4415 699 4479 dicimus
733 4417 860 4498 trecepti,
895 4439 997 4501 comp.
1022 4438 1110 4481 meru
1133 4419 1259 4500 trduyd,
1283 4439 1352 4501 sup.
1376 4419 1460 4480 radat
1482 4415 1609 4496 trci'apd.

353 4520 500 4599 Seruilia,
534 4540 617 4584 raeer
640 4519 779 4602 amollire,
802 4525 887 4584 radat
909 4520 1057 4598 seculum
1079 4540 1185 4597 ηηηη,
1208 4542 1291 4586 mear
1314 4533 1369 4582 aut
1391 4520 1492 4584 bdttre
1514 4538 1611 4582 ηηηη

348 4627 434 4687 vadat
456 4620 511 4686 aut
534 4624 605 4689 brist
627 4641 737 4701 ηηηη,·
750 4623 857 4707 folliu
880 4624 935 4706 (ut
956 4623 1064 4706 aripert
1085 4623 1170 4707 tiraq)
1193 4645 1276 4688 mear
1299 4636 1354 4686 aut
1377 4625 1479 4688 bdttre
1492 4621 1610 4706 sallia,

350 4727 422 4796 brist
439 4727 561 4811 sellim
584 4727 707 4810 detaut,
732 4728 833 4793 bdttre
856 4727 980 4808 heluat,
1004 4728 1076 4794 test
1098 4727 1211 4793 heluat
1235 4739 1296 4793 etc.
