3648 5696
524 439 625 498 Tertia
649 441 817 499 Declinatio
843 443 954 500 Formae
979 443 1171 519 Respeetivae.
1440 443 1480 502 85

301 625 527 689 Nominativus
565 627 646 711 plur.
683 626 803 689 desinit
831 627 863 689 in
887 647 971 692 urna
1006 638 1039 690 et
1060 627 1216 691 formatur
1240 627 1356 691 eodem
1381 629 1478 692 modo

218 741 253 792 ut
275 729 308 791 in
334 729 445 814 prima.

304 831 474 896 Genitivus
499 835 581 918 plur.
605 834 695 897 addit
725 847 847 896 tantum
872 855 889 898 s
913 833 952 896 ad
976 857 1061 898 nom.
1086 835 1167 918 plur.
1192 833 1286 918 hujus
1310 835 1432 900 formae.

303 937 437 999 Dativus
462 949 495 999 et
518 937 612 1002 ablat.
637 939 720 1023 plur.
746 937 865 1000 desinit
888 939 920 1000 in
944 959 1023 1020 men,
1050 937 1140 1000 utin
1166 939 1278 1022 prima
1297 937 1476 1023 eodemque

217 1039 313 1103 modo
338 1041 503 1105 formatur.

665 1238 692 1300 1.
739 1235 1035 1317 Paradigmata

681 1357 1005 1420 Masoulinorum.
1034 1435 1039 1446 Ι

301 1477 369 1540 NB.
394 1498 414 1542 1.
461 1479 542 1542 Cum
567 1503 630 1541 non
654 1478 773 1541 existat
795 1478 946 1541 notabilis
970 1479 1074 1560 aliqua
1097 1477 1235 1539 varietas
1259 1477 1292 1539 in
1316 1477 1475 1561 exemplis

216 1577 286 1666 sup.
321 1581 361 1644 ad
394 1583 519 1645 tertiam
556 1583 805 1645 declinationem
841 1583 1019 1645 absolutam
1056 1581 1228 1666 propositis
1265 1581 1368 1666 quoad
1394 1581 1475 1643 hanc

215 1686 363 1768 formam,
402 1686 476 1748 ideo
511 1709 568 1771 per
597 1709 707 1749 omnes
742 1687 974 1749 declinationes
1010 1686 1161 1770 exempla
1183 1685 1236 1747 hic
1260 1685 1386 1747 adferre
1410 1709 1474 1748 non

217 1803 317 1865 vacat,
342 1805 378 1852 ut
400 1790 500 1854 nimia
523 1791 692 1875 prolixitas
714 1791 845 1854 vitetur.

301 1913 336 1956 11.
381 1895 539 1973 Quoniam
577 1901 629 1978 (ut
652 1917 721 1981 sup.
746 1917 818 1980 pag.
843 1896 882 1958 78
909 1894 1035 1977 notavi)
1057 1893 1215 1979 regularis
1239 1893 1295 1955 illa
1318 1892 1419 1954 dativi
1443 1904 1476 1954 et

216 1998 348 2061 ablativi
377 1999 509 2082 pluralis
542 1999 641 2063 flexio
665 2000 698 2062 in
721 2022 791 2064 mea
814 1999 915 2061 rarius
939 1997 1109 2082 reperitur,
1133 2019 1171 2060 ea
1194 1997 1397 2081 potissimum
1421 1995 1475 2058 hio

210 2102 336 2187 'ponere
359 2105 509 2189 exempla
531 2105 635 2166 visum
654 2117 713 2182 est,
737 2105 768 2166 in
793 2104 909 2189 quibus
933 2103 989 2165 illa
1013 2101 1152 2166 occurrit
1175 2113 1230 2165 aut
1252 2101 1365 2164 saltem
1390 2123 1474 2164 com-

217 2207 342 2269 modius
366 2207 472 2270 looum
496 2207 614 2271 habere
638 2209 776 2272 videtur.

304 2347 340 2410 ln
365 2349 392 2412 b.
1027 2347 1065 2410 In
1089 2347 1118 2410 d.

288 2448 377 2501 alexio
396 2449 544 2518 Antiquior.
693 2449 843 2502 Recentior.
940 2449 1029 2504 Flexio
1058 2448 1207 2517 Antiquior.
1285 2446 1433 2500 Recentior.

304 2535 391 2619 Sing.
1027 2537 1106 2622 Sing

218 2636 311 2699 Nom.
336 2637 468 2702 islanden
650 2636 785 2702 lrlubben
939 2642 1091 2724 affyuden
1244 2637 1393 2720 affquden

219 2739 298 2804 Gen.
323 2741 473 2805 lilabbens
652 2739 803 2805 lietberte
938 2744 1107 2827 affundens
1244 2741 1410 2823 affundens

217 2843 303 2920 Dat,
327 2842 405 2906 Abl.
434 2843 616 2908 liudbertum
652 2841 722 2903 sim.
747 2865 831 2904 nom.
938 2846 1139 2927 efferationem
1244 2843 1313 2904 sim.
1338 2865 1426 2908 nom.

218 2948 297 3008 Aac.
323 2945 392 3007 sim.
417 2968 503 3008 nom.
651 2944 721 3006 sim.
747 2967 830 3007 nom.
939 2949 1008 3010 sim.
1034 2969 1120 3010 nom.
1244 2945 1315 3008 sim.
1338 2967 1424 3008 nom.

219 3065 518 3232 Nomlllllittaraa
651 3165 833 3228 klabbarna
937 3069 1132 3253 affqagilia
1243 3169 1439 3251 affyadaraa

219 3271 299 3335 Gen.
325 3271 523 3336 klabburnas
651 3269 848 3332 llabbaraas
938 3275 1152 3357 affqudurnas
1243 3271 1458 3354 offendamus
1572 3291 1574 3294 ·

219 3375 302 3451 Dat,
326 3373 402 3436 Abl.
432 3373 616 3439 tlabtomea
651 3371 722 3434 sim.
747 3393 831 3432 nom.
938 3377 1138 3459 affyudomen
1243 3373 1312 3434 sim.
1337 3395 1423 3436 nom.

220 3479 299 3540 Ace.
321 3476 389 3539 sim.
415 3498 501 3539 nom.
652 3472 721 3534 sim.
748 3494 833 3533 nom.
939 3477 1010 3540 sim.
1034 3498 1120 3539 nom.
1244 3473 1313 3536 sim.
1338 3497 1424 3539 nom.

304 3635 342 3697 In
363 3659 393 3717 q.
1026 3633 1064 3696 In
1089 3635 1110 3698 l.

305 3736 393 3822 Sing.
1026 3735 1115 3820 Sing.

141 3894 144 3898 .
219 3841 314 3904 Nom.
337 3840 503 3922 lonunyen
652 3836 818 3918 donuaqen
929 3838 1044 3922 foylen
1234 3839 1358 3921 foylen¹

220 3943 300 4006 Gen.
326 3944 510 4024 kananaeus
653 3938 836 4022 donanyens
929 3941 1080 4030 seuleus,
1234 3943 1367 4024 soqlens

220 4044 386 4128 Dat.‚Abl.
401 4045 617 4126 loauaqeaom
653 4040 724 4104 sim.
747 4063 832 4102 nom.
928 4035 1095 4126 foylenom
1244 4045 1313 4108 sim.
1336 4067 1424 4108 nom.

219 4151 298 4212 Aee.
322 4146 392 4210 sim.
415 4168 500 4208 nom.
653 4140 722 4204 sim.
747 4164 832 4204 nom.
939 4145 1008 4208 sim.
1034 4168 1119 4208 nom.
1244 4146 1315 4210 sim.
1338 4169 1424 4208 nom.

305 4267 392 4331 Plur.
960 4319 962 4324 .
1024 4265 1112 4330 Plur.

218 4371 313 4435 Nom.
337 4371 550 4452 homonynum
653 4371 866 4452 homonymus
931 4368 1091 4450 seylaraa
1235 4367 1398 4449 foylaraa

221 4474 301 4537 Gen.
325 4473 554 4554 kananeorum
653 4473 885 4556 tonunyarnas
935 4472 1111 4554 foqlarnas
1235 4469 1414 4553 foqlarnas

220 4575 618 4658 Dat.‚Abl.lronan90men
654 4575 723 4638 sim.
748 4597 832 4639 nom.
932 4575 1098 4656 saulonien
1128 4623 1130 4628 .
1244 4570 1314 4634 sim.
1338 4593 1424 4633 nom.

221 4681 299 4746 Aee.
325 4677 394 4750 sim,
421 4699 505 4747 nom.
654 4677 725 4741 sim.
748 4700 833 4749 nom,
942 4677 1011 4747 sim.
1035 4700 1121 4741 nom.
1245 4673 1315 4744 sim.
1339 4695 1425 4744 nom.
