3674 5694
371 552 412 614 64
702 549 751 614 Er.
775 549 928 611 Auririllii
952 547 1147 609 Grammatica
1171 547 1309 611 Sveeana.

457 739 496 802 In
518 761 550 804 n.
1183 737 1221 799 In
1245 758 1272 802 8.

445 840 537 895 Flexio
555 842 703 912 Antiquior.
844 838 994 892 Recentior.
1102 838 1193 892 Flexio
1213 839 1362 908 Antiquior.
1441 839 1590 893 Recentior.

460 928 549 1012 Sing.
1185 927 1273 1010 Sing.

372 1031 467 1095 Nom.
492 1030 595 1106 thren,
613 1049 735 1110 person
807 1030 899 1094 throa
1095 1030 1191 1111 prija
1215 1029 1307 1094 loreas
1399 1031 1485 1111 prljs

373 1133 453 1196 Gen.
478 1132 588 1196 throne
806 1130 917 1194 rurons
1095 1135 1182 1216 prijs
1399 1132 1486 1213 yrijs

373 1234 547 1313 Dat.‚Abl.
572 1233 642 1297 sim.
666 1257 751 1296 nom.
808 1233 878 1295 sim.
903 1253 987 1293 nom.
1099 1236 1169 1298 sim.
1192 1257 1278 1298 nom.
1403 1234 1474 1296 sim.
1498 1255 1583 1294 nom.

375 1336 565 1420 Aee.‚Voe.
590 1336 659 1400 sim.
685 1358 769 1398 nom.
808 1334 878 1398 sim.
901 1355 988 1396 ηοω.
1100 1337 1170 1400 sim.
1193 1360 1280 1404 nom.
1403 1337 1472 1398 sim.
1499 1359 1583 1397 nom.

460 1458 549 1522 Plur.
1184 1458 1272 1522 Plur.

375 1563 468 1633 Nom,
493 1560 620 1624 tlrroner
810 1559 940 1622 throaer
1098 1562 1221 1644 prijsrr
1400 1561 1521 1642 prr'jser

375 1664 455 1727 Gen.
479 1664 625 1727 throuers
811 1660 958 1724 turonas
1098 1665 1238 1743 prr'jsers
1400 1664 1522 1744 prijser

377 1765 550 1842 Dat.‚Abl.
575 1765 645 1830 sim.
670 1787 755 1827 ηοω.
810 1762 881 1828 sirn.
905 1785 990 1825 ηοω.
1099 1766 1236 1847 prljsom
1404 1763 1474 1826 sim.
1498 1785 1583 1826 nom.

377 1867 564 1946 Aen.,Voc.
594 1867 663 1928 sim.
689 1889 772 1928 nom.
811 1865 880 1926 sim.
905 1888 989 1926 ηοω.
1103 1867 1173 1956 εἱω.
1197 1891 1283 1934 ηοω.
1404 1866 1475 1928 sim.
1498 1887 1583 1928 nom.

463 2059 501 2122 In
525 2065 546 2123 l.
1189 2055 1227 2118 Ιη
1251 2060 1271 2117 t.

464 2160 553 2244 Sing.
1190 2155 1278 2219 Plur.

377 2265 471 2328 Nom.
495 2261 574 2336 arth,
591 2266 690 2344 prdst
812 2261 883 2324 ortlr
1103 2259 1217 2333 orthae,
1241 2267 1374 2342 prdster
1405 2262 1511 2327 orther

378 2368 459 2430 Gen.
483 2365 570 2430 ertias
812 2363 901 2428 artha
1104 2361 1228 2426 urthern
1405 2364 1528 2428 ortlrers

379 2468 551 2547 Dat.‚Abl.
574 2470 685 2548 prdsle
699 2465 728 2549 ¹)
813 2465 885 2530 sim.
907 2487 993 2526 nom.
1104 2487 1127 2527 s.
1153 2488 1183 2526 n.
1201 2470 1350 2547 prelatum
1406 2466 1475 2531 sim.
1500 2488 1586 2528 ηοω.

379 2571 566 2650 Aee.‚Voe.
595 2569 666 2632 sim.
691 2589 777 2632 ηοω.
814 2567 884 2630 sim.
907 2589 993 2629 nom.
1105 2568 1176 2632 sim.
1200 2591 1286 2631 ηοω.
1406 2569 1477 2632 sim.
1501 2590 1586 2630 ηοω.

731 2771 1047 2836 Maseulinorum
1071 2773 1276 2836 Anomala.

464 2949 503 3013 In
537 2945 681 3032 genitivo
716 2943 882 3027 singulari,
912 2942 1092 3006 desinentia
1114 2943 1147 3006 in
1170 2965 1196 3018 s,
1220 2956 1257 3008 ut
1279 2958 1328 3007 est
1351 2945 1383 3008 in
1408 2946 1638 3030 paradigmate.

466 3053 504 3116 In
528 3051 638 3114 dativo
663 3046 830 3132 singulari,
846 3069 940 3130 quern
966 3047 1109 3131 quaedam
1134 3047 1275 3110 formant
1296 3048 1329 3110 in
1353 3051 1374 3125 η’,
1398 3063 1434 3110 ut
1456 3049 1564 3113 smedlt
1586 3050 1640 3112 vel

378 3157 494 3235 amida,
527 3155 591 3218 dat.
616 3151 743 3234 saridim,
767 3173 793 3217 e.
819 3152 837 3212 2
861 3149 944 3235 de.
969 3151 1046 3224 ΕΙ..
1071 3149 1145 3214 StL.
1170 3152 1220 3233 aff
1235 3152 1448 3234 ‘puidamidlrm
1467 3153 1564 3234 fredit
1586 3154 1641 3216 vel

370 3261 478 3346 fridh,
502 3259 565 3322 dat.
581 3256 700 3342 jrr'dlu',
724 3277 750 3318 e.
776 3255 813 3317 21
840 3253 941 3337 Kyrk.
964 3257 978 3318 η’
1001 3253 1095 3319 Guda
1114 3255 1228 3334 fridda.

466 3364 504 3427 In
527 3383 613 3425 ηοω.
639 3358 766 3444 plurali,
790 3381 885 3444 quern
908 3358 1065 3442 quaedam,
1089 3356 1271 3422 desinentia
1293 3359 1326 3421 in
1350 3381 1378 3442 r,
1395 3359 1547 3436 formant,
1571 3384 1642 3424 mu·

380 3481 447 3533 tata
478 3465 584 3530 vocali
612 3463 764 3549 primaria
786 3463 977 3526 nominativi
1001 3461 1172 3546 singularis
1195 3461 1228 3524 in
1253 3462 1359 3541 aliam,
1383 3465 1430 3527 sie
1452 3485 1474 3528 a
1496 3465 1528 3526 in
1552 3474 1581 3542 ἃ,
1604 3480 1643 3528 ut

371 3573 504 3658 fadaer,
539 3570 622 3654 plur.
648 3568 790 3653 fddhem
823 3587 841 3631 o
874 3567 908 3629 in
936 3572 965 3645 ὂ,
994 3579 1030 3628 ut
1053 3566 1197 3644 bredher,
1220 3567 1304 3651 plur.
1328 3568 1472 3652 brddlrer,
1495 3569 1641 3653 quaedam

382 3677 491 3754 etiarn,
505 3672 685 3736 desinentia
707 3672 741 3734 in
764 3693 787 3736 rr
809 3684 842 3734 et
865 3677 886 3754 t,
899 3670 1049 3734 similiter
1072 3670 1222 3746 formant,
1247 3692 1265 3736 o
1288 3684 1411 3734 mutato
1427 3672 1461 3734 in
1477 3678 1505 3748 ὅ,
1521 3691 1557 3734 ut
1573 3693 1643 3751 sort,

381 3781 464 3866 plur.
488 3783 618 3856 sirenem·
631 3777 715 3860 foul,
750 3775 833 3860 plur.
848 3775 962 3859 sillem
1007 3773 1073 3838 Ubi
1097 3775 1195 3836 etiam
1218 3774 1286 3838 haee
1309 3776 1449 3840 occurrit
1472 3778 1643 3861 anemalia,

381 3881 467 3970 quod
491 3902 668 3970 consonans
692 3878 884 3942 nominativi
907 3877 1078 3962 singularis
1101 3878 1295 3962 geminetur.

468 3983 658 4049 Desinentia
692 3985 725 4046 in
760 4004 813 4068 uu,
844 3981 990 4068 quaedam
1013 4004 1098 4048 nom.
1123 3982 1292 4068 pluralem,
1315 4005 1379 4046 non
1402 3983 1436 4046 in
1458 4005 1503 4068 er,
1527 3984 1584 4048 sed
1607 3984 1645 4048 in

381 4115 404 4158 rr
437 4091 586 4166 formant,
621 4110 643 4154 u
675 4087 875 4151 nominativo
910 4086 1080 4171 singularis
1115 4099 1237 4152 mutato
1266 4089 1300 4152 in
1322 4093 1353 4165 d,
1378 4101 1411 4152 et
1433 4090 1597 4174 geminato
1622 4113 1646 4156 rr

381 4194 489 4271 finale,
531 4205 567 4257 ut
599 4214 684 4276 mun,
714 4191 797 4278 plur.
819 4196 935 4268 melam
958 4212 1049 4273 spurt,
1073 4191 1155 4276 plur.
1180 4195 1295 4274 spdaa.
1342 4191 1419 4270 Quae
1443 4194 1539 4256 eriam
1563 4194 1646 4258 dati-

383 4321 458 4362 vum
489 4297 686 4382 singularem
709 4295 900 4382 regulariter
924 4295 1064 4358 formant
1087 4296 1119 4358 in
1143 4318 1168 4369 e,
1191 4308 1228 4358 ut
1250 4315 1374 4373 arduae,
1395 4318 1421 4360 ο.
1446 4297 1482 4361 31
1506 4298 1603 4382 jord,
1618 4321 1646 4363 ο.

387 4407 426 4468 14
452 4403 467 4486 ᾗ
491 4401 509 4465 6
534 4400 635 4486 Kyrlr.
659 4401 738 4475 Lu„
761 4420 895 4482 sparena,
919 4421 945 4462 e.
970 4399 1093 4484 uussyg.
1118 4398 1185 4464 LL.

468 4505 507 4570 In
534 4505 643 4568 dativo
666 4504 796 4590 plurali,
821 4525 916 4588 quern
939 4504 1001 4566 ista
1022 4503 1055 4565 in
1078 4525 1122 4568 ua
1146 4502 1329 4566 desinentia
1352 4503 1493 4566 formant
1516 4525 1574 4588 pro
1591 4526 1649 4566 vo·

384 4607 446 4674 eali
479 4609 672 4674 nominativi
707 4608 841 4694 pluralis
864 4613 886 4673 d
914 4620 1044 4693 recepta
1067 4609 1171 4671 vocali
1195 4607 1386 4670 nominativi
1410 4609 1582 4694 singularis
1605 4628 1651 4688 a,·

458 4753 477 4824 ¹)
496 4756 508 4804 1
527 4752 722 4804 hsnuskrittsn
740 4751 813 4800 reru
831 4749 948 4800 sarrrveu
967 4749 1043 4799 usim.
1063 4763 1161 4810 noma,
1174 4733 1331 4800 seusrmera
1344 4752 1439 4816 preste
1458 4751 1554 4802 insuta.
1587 4747 1651 4818 σοι.
