3674 5694
364 484 404 547 32
702 485 749 547 lu.
773 486 926 547 Aurivillii
950 485 1145 548 Grammatico
1168 488 1304 548 Svecana.

363 683 562 758 postremum
597 680 688 733 notat
720 692 787 754 vas,
808 670 841 733 in
876 693 940 756 quo
963 682 1074 758 potum
1098 669 1263 748 habemus,
1288 671 1383 736 etad
1407 671 1623 736 differentiam

363 775 495 839 alterius
528 773 668 839 nominis
702 773 811 856 kappa
844 775 945 859 (quod
979 787 1070 838 notat
1103 775 1237 860 pallium
1267 787 1301 839 et
1322 775 1473 838 feminini
1495 775 1624 861 generis

363 889 423 964 est,
445 878 607 964 habetque
630 877 662 940 in
687 877 806 962 plurali
828 898 875 955 or,
888 877 1027 963 topper)
1051 877 1169 941 rectius
1193 879 1324 943 omnino
1349 901 1407 965 per
1423 901 1549 965 equam
1566 901 1624 965 per

361 1004 383 1048 a
418 982 583 1046 scribitur:
608 980 710 1066 qualis
734 979 899 1045 distinctio
929 981 1025 1046 etiem
1050 980 1082 1046 in
1107 981 1177 1046 aliis
1201 981 1392 1068 quibusdam
1415 983 1563 1067 occurrit,
1588 1005 1625 1047 ac

363 1086 543 1150 necessarie
566 1085 704 1149 videtur.

451 1192 481 1255 2.
525 1189 577 1253 Ex
611 1188 750 1252 dialecto
779 1209 838 1273 per
860 1189 1013 1273 quasdam
1038 1189 1219 1274 provincias
1243 1189 1353 1276 patriae
1377 1202 1493 1254 nostrae
1517 1188 1622 1252 adhuc

365 1293 462 1358 hodie
486 1305 627 1380 recepta,
650 1292 742 1356 iuxta
765 1313 859 1376 quam
885 1292 992 1355 omnia
1015 1293 1200 1376 masculina,
1224 1316 1294 1380 quae
1317 1294 1416 1380 vulgo
1440 1316 1497 1378 per
1515 1316 1536 1358 u
1553 1316 1624 1379 pro·

365 1397 559 1462 nunciantur
593 1419 629 1460 ac
652 1395 844 1470 scribuntur,
869 1395 1046 1458 efferuntur
1070 1419 1126 1482 per
1150 1419 1165 1460 e
1188 1410 1224 1460 ut
1245 1397 1377 1477 hunsle,
1400 1397 1500 1481 mulce,
1523 1397 1623 1480 state,

363 1501 468 1580 kuste,
491 1501 575 1574 title,
599 1501 682 1583 hope,
705 1506 798 1583 stepo,
821 1499 931 1576 honre,
955 1499 1045 1574 hune,
1069 1501 1180 1577 statu,
1202 1501 1296 1584 pcipe
1319 1514 1380 1564 etc.

449 1605 520 1684 Quo
550 1605 666 1690 posito,
689 1602 790 1689 (quod
816 1603 939 1666 ratione
965 1604 1096 1666 minime
1121 1604 1356 1668 contemnenda
1379 1605 1504 1688 nititur,
1528 1617 1560 1668 et
1584 1606 1622 1668 ad

362 1730 464 1794 genus
488 1708 653 1772 nominum
678 1708 711 1770 in
734 1729 755 1772 a
779 1706 994 1770 desinentium
1019 1708 1291 1793 cognoscendum,
1315 1709 1451 1772 multum
1469 1709 1624 1772 momenti

363 1811 485 1897 adfert)
507 1834 571 1875 non
595 1810 731 1874 difficile
756 1810 816 1874 erit
840 1811 880 1873 de
904 1810 1131 1875 terminatione
1155 1812 1321 1876 nominum
1345 1812 1378 1875 in
1402 1833 1433 1896 a,
1456 1813 1554 1876 talem
1571 1835 1622 1875 re·

362 1916 471 2002 gulam
496 1936 626 2002 ponere.

449 2018 563 2084 Omnia
584 2018 713 2082 nomina
735 2018 827 2082 finita
848 2018 881 2081 in
904 2039 926 2083 a
949 2017 1105 2082 feminina
1127 2031 1211 2102 sunt,
1236 2032 1269 2082 et
1294 2020 1448 2084 nominat.
1466 2020 1622 2106 pluralem

363 2123 487 2189 faciunt
509 2123 542 2188 in
566 2146 602 2189 or
619 2124 770 2208 (quorum
787 2122 819 2185 in
837 2123 948 2208 lingua
964 2122 1094 2187 Suetica
1110 2145 1226 2208 magna
1242 2136 1290 2187 est
1305 2123 1409 2209 copia,
1426 2137 1458 2188 et
1474 2125 1624 2211 exempla

362 2228 408 2292 ita
441 2226 547 2311 obvia,
576 2241 612 2290 ut
635 2249 673 2290 ea
695 2225 758 2290 huc
782 2247 966 2312 congerere,
990 2248 1263 2312 supervacaneum
1288 2227 1447 2312 videatur,
1477 2229 1623 2314 exceptis

363 2331 475 2418 paucis
498 2331 621 2395 neutris
644 2331 676 2394 in
700 2352 732 2416 a,
755 2343 792 2394 ut
813 2330 928 2414 lilerio,
951 2335 1021 2414 dyc,
1045 2335 1105 2396 liro
1128 2343 1189 2394 etc.

449 2436 525 2501 Not.
549 2455 583 2500 11.
629 2435 663 2501 Si
686 2457 763 2499 vero
786 2433 847 2498 hoo
870 2456 928 2520 per
951 2434 1059 2498 omnia
1081 2458 1144 2498 non
1169 2435 1336 2520 placuerit,
1359 2457 1398 2499 eo
1420 2435 1505 2521 quod
1524 2435 1624 2499 altera

363 2541 421 2606 illa
449 2540 617 2624 dialectus,
641 2563 704 2625 qua
727 2539 823 2603 etiam
848 2539 1025 2602 masculina
1047 2539 1191 2624 quaedam
1215 2541 1248 2602 in
1269 2561 1290 2604 a
1313 2539 1565 2626 pronunciantur
1587 2562 1624 2604 ac

364 2644 558 2727 scribuntur,
593 2655 626 2706 et
658 2666 744 2706 nom.
769 2643 926 2728 pluralem
960 2642 1101 2706 formant
1126 2643 1160 2706 in
1182 2664 1232 2722 ar,
1261 2643 1307 2708 ita
1327 2644 1394 2728 jam
1417 2643 1565 2728 invaluit,
1588 2656 1624 2707 ut

363 2771 428 2812 non
453 2747 592 2834 amplius
615 2769 673 2832 pro
696 2745 792 2831 hujus
815 2747 868 2809 vel
884 2746 971 2809 illius
988 2746 1172 2832 provinciae,
1189 2748 1245 2810 sed
1262 2770 1320 2833 pro
1337 2747 1500 2811 communi
1516 2748 1623 2834 potius

365 2852 504 2916 dialecto
528 2851 644 2914 merito
668 2849 711 2914 sit
732 2848 931 2914 habenda-
946 2873 1019 2914 curn
1043 2873 1107 2914 non
1131 2851 1234 2914 solum
1258 2851 1291 2915 in
1315 2851 1347 2917 S.
1370 2851 1497 2936 Bibliis,
1518 2851 1625 2915 sedet

364 2955 435 3021 aliis
458 2953 548 3018 libris
572 2953 719 3040 plurimis
742 2953 918 3038 impressis,
943 2965 1037 3039 atque
1062 2953 1200 3039 publicis
1215 2955 1414 3040 privatisque
1430 2955 1624 3020 instrumen-

363 3060 406 3124 tis
439 3059 627 3144 frequenter
650 3070 806 3135 occurrat,
835 3057 976 3142 indeque
999 3080 1062 3120 non
1086 3058 1155 3121 sine
1179 3058 1368 3123 confusione
1393 3082 1430 3124 ac
1452 3059 1621 3146 perturba-

363 3163 452 3228 tione
477 3163 582 3248 aliqua
605 3161 651 3224 sic
673 3160 865 3247 simpliciter
888 3161 928 3224 ab
951 3183 989 3224 ea
1011 3160 1120 3224 recedi
1143 3174 1256 3247 queat:
1280 3163 1420 3226 maxime
1438 3185 1511 3226 cum
1527 3184 1623 3227 voces

364 3268 508 3354 quaedam
533 3278 656 3343 extent,
680 3288 750 3351 quae
773 3264 950 3328 secundum
975 3265 1107 3329 alteram
1131 3266 1304 3330 dialectum
1328 3267 1404 3330 satis
1427 3267 1552 3352 ingrate
1576 3289 1623 3330 co-

363 3384 488 3448 narent,
512 3369 594 3434 adeo
618 3383 655 3433 ut
677 3369 733 3432 vix
757 3369 853 3433 etiam
877 3369 911 3432 in
934 3369 999 3434 illis
1022 3369 1208 3456 provinciis,
1232 3369 1288 3433 ubi
1311 3369 1372 3434 ista
1395 3370 1552 3435 dialectue
1569 3370 1623 3434 ob-

364 3475 456 3550 tinet,
488 3473 560 3538 talis
594 3472 791 3558 cacophonia
824 3473 954 3536 tolerari
983 3494 1076 3557 posse
1100 3472 1257 3551 videatur,
1282 3496 1310 3539 e.
1334 3497 1360 3540 c.
1385 3495 1489 3557 spone,
1512 3475 1622 3554 roecke,

364 3585 457 3662 slepe,
479 3578 591 3661 doffte,
614 3583 734 3644 smdrtc
757 3589 817 3640 eto.
864 3577 1028 3660 (Addatur
1051 3577 1147 3640 tertia
1169 3579 1261 3656 ratio,
1284 3600 1354 3663 quae
1377 3578 1462 3642 infra
1485 3601 1557 3665 pag.
1569 3579 1621 3643 46.

364 3684 523 3748 Praeterea
545 3681 592 3746 sic
619 3681 766 3746 confusio
789 3680 874 3744 inter
891 3703 977 3744 nom,
1000 3693 1033 3743 et
1048 3680 1192 3744 dativum
1209 3681 1242 3744 in
1258 3704 1274 3747 e
1291 3683 1369 3763 (vid.
1385 3682 1460 3746 infr.
1477 3705 1549 3769 pag.
1567 3683 1622 3764 39)

364 3787 495 3871 vitatur,
517 3787 638 3862 slddlte,
676 3786 812 3861 slcdehtc,
848 3787 934 3864 tetre,
962 3785 1076 3860 mette,
1102 3785 1230 3864 siradio,
1255 3787 1351 3872 hune)
1375 3825 1408 3834 κ
1439 3788 1559 3872 poterit
1581 3787 1621 3852 dc

364 3891 592 3959 terminatione
615 3890 781 3954 nominum
805 3889 837 3952 in
861 3910 882 3954 a
905 3889 978 3953 talis
1002 3890 1114 3974 regula
1136 3890 1224 3975 poni:

449 3994 563 4061 Omnia
596 3995 777 4060 desinentia
804 3994 837 4057 in
861 4014 892 4071 a,
916 4015 1113 4080 quaecunque
1135 3995 1168 4057 in
1191 3994 1345 4058 nominat.
1371 3995 1488 4080 plurali
1511 3995 1621 4060 formae

367 4099 522 4166 absolutae
545 4098 735 4178 habentor,
758 4097 869 4162 formae
892 4120 969 4160 vero
993 4097 1133 4163 definitae
1156 4121 1214 4162 sen
1236 4099 1424 4185 respectivae
1440 4121 1531 4175 orna,
1548 4117 1623 4164 sunt

364 4204 514 4270 feminini
548 4205 675 4290 generis
704 4206 855 4291 (quorum
879 4205 912 4266 in
935 4203 1045 4289 lingua
1067 4217 1176 4268 nostra
1199 4217 1306 4267 tantus
1330 4216 1379 4268 est
1398 4227 1562 4282 numerus,
1586 4217 1622 4268 ut

365 4324 549 4374 caeterarum
574 4309 677 4372 ferme
701 4308 844 4372 omniurn
868 4307 1131 4371 terminationum
1155 4331 1323 4372 numerum
1349 4311 1505 4394 superet).
1544 4309 1621 4388 Quae

365 4437 442 4478 vcro
476 4435 560 4480 nom.
596 4413 751 4498 pluralem
783 4411 893 4474 formae
917 4411 1070 4475 absolutae
1095 4412 1236 4475 formant
1257 4413 1290 4475 in
1313 4434 1354 4477 ar
1376 4413 1550 4498 formaeque
1574 4435 1621 4476 re·

365 4518 517 4604 spectivae
551 4517 584 4580 in
618 4538 712 4592 cruc,
746 4530 821 4579 sunt
847 4516 975 4600 generis
1004 4515 1182 4579 masculini.
1228 4515 1282 4580 Sic
1309 4519 1441 4598 quiana,
1467 4520 1622 4599 quianon·

365 4622 484 4700 kunnu,
508 4641 564 4700 0r‚·
581 4622 685 4704 pt'jqc
710 4639 764 4698 or;
774 4621 881 4702 μῆρα,
897 4638 948 4698 or;
970 4641 1099 4699 wattun,
1122 4641 1177 4700 or;
1193 4622 1315 4706 finalia,
1332 4643 1370 4687 or
1388 4635 1439 4685 etc
1456 4622 1619 4686 feminina.
