3674 5694
610 498 654 558 De
678 501 791 558 Genere
814 497 1079 560 Substantivorum.
1429 500 1468 560 31

299 681 425 769 Excipe
460 684 626 748 metallum
661 705 760 746 unum
795 681 946 767 simplex,
975 684 1109 766 boppar,
1133 697 1166 748 et
1190 685 1292 749 mixta
1315 683 1470 768 quadam,

212 799 249 850 ut
271 789 379 870 malm,
402 791 557 870 mdssiup,
582 811 651 873 quae
677 787 852 850 masculina
874 802 957 853 sunt.

300 896 328 956 5.
376 893 556 956 Literarum
581 891 712 955 nomina
734 889 768 952 in
792 890 979 975 alphabeto:
1003 903 1040 954 ut
1062 913 1092 968 a,
1116 892 1145 968 b,
1168 913 1193 967 c,
1216 892 1247 968 d,
1271 907 1332 956 etc.

600 1116 645 1180 ΙΙ.
690 1115 750 1178 Ex
773 1116 1092 1180 Terminatione.

300 1255 354 1318 Ex
389 1253 614 1318 terminatione
644 1255 676 1317 in
701 1255 810 1339 lingua
833 1270 942 1316 nostra
966 1279 1029 1316 non
1054 1268 1189 1340 possunt
1212 1255 1342 1340 quidem
1366 1256 1474 1318 multae

216 1383 252 1423 ao
275 1373 370 1422 certae
393 1360 513 1443 regulae
538 1360 577 1421 de
601 1382 720 1442 genere
745 1359 909 1421 nominum
935 1359 1032 1434 tradi;
1057 1383 1129 1421 cum
1155 1382 1265 1422 omncs
1282 1360 1350 1422 fere
1368 1361 1474 1424 termi-

216 1463 362 1526 nationes
386 1483 443 1546 per
467 1484 577 1525 omnes
601 1462 765 1546 alphabeti
789 1462 898 1524 literas
922 1463 1062 1547 plurium
1080 1484 1233 1546 generum
1252 1465 1316 1526 sint
1332 1485 1476 1548 capaces,

217 1566 386 1630 nonnullas
421 1581 537 1642 tamen,
562 1589 638 1650 quas
663 1567 817 1629 hactenus
840 1566 1010 1628 observare
1035 1565 1183 1650 contigit,
1207 1567 1259 1628 hic
1282 1567 1473 1652 subjungam

218 1670 333 1755 partim
357 1670 587 1753 generaliores,
612 1669 727 1754 partim
753 1669 969 1754 specialiores.

304 1771 604 1838 Generaliores.

307 1879 333 1940 1.
377 1875 491 1940 Omnia
524 1877 655 1939 nomina
688 1877 721 1938 in
757 1899 929 1940 consonam
964 1899 1187 1962 quamcunque
1220 1875 1321 1953 finita,
1350 1878 1476 1962 quaein

218 1983 321 2044 forma
352 1981 604 2044 declinationum
629 1979 775 2042 absoluta
797 2004 861 2042 non
885 1981 1060 2044 flectuntur
1083 1982 1254 2065 quicquam
1278 1981 1311 2043 in
1334 1982 1477 2044 nomina-

218 2085 282 2149 tivo
317 2099 350 2147 et
383 2085 529 2169 genitivo
560 2084 687 2169 plurali,
717 2085 772 2146 sed
799 2097 929 2146 manent
952 2098 988 2146 ut
1010 2086 1043 2146 in
1067 2085 1231 2171 singulari,
1255 2100 1328 2146 sunt
1351 2099 1475 2149 neutra.

218 2189 256 2252 Ε.
292 2212 318 2250 c.
353 2212 412 2274 per
446 2210 557 2251 omnes
581 2187 648 2250 fere
673 2187 835 2272 alphabeti
858 2211 1029 2252 consonas:
1056 2188 1120 2266 Eli,
1144 2195 1210 2267 lau,
1232 2195 1285 2271 try
1309 2189 1412 2267 lumb;
1435 2196 1476 2254 eu

219 2299 284 2376 lau,
308 2299 359 2376 trp
381 2293 476 2371 baud,
505 2293 601 2374 brues,
624 2298 697 2374 cipp,
721 2293 808 2368 lauh,
830 2293 934 2376 stunt,
958 2293 1052 2368 beera,
1077 2295 1160 2368 been,
1183 2315 1265 2375 resp,
1290 2281 1383 2370 boor,
1407 2315 1478 2372 aar,

218 2398 310 2471 skatt,
334 2398 482 2462 tredente
506 2409 566 2458 etc.
613 2395 666 2458 Sic
690 2397 785 2458 etiarn
809 2397 841 2458 in
866 2397 965 2480 genit.
991 2397 1103 2474 lambe,
1128 2397 1239 2478 hands,
1264 2397 1361 2480 brcfs.

306 2505 335 2564 2.
380 2499 494 2564 Omnia
523 2501 557 2562 in
581 2501 725 2562 vocalem
749 2522 972 2584 quameunque
997 2500 1178 2562 desinentia
1201 2514 1296 2584 atque
1320 2501 1352 2562 in
1376 2501 1480 2564 forma

221 2605 367 2668 absoluta
402 2603 635 2668 nominativum
660 2604 817 2688 pluralem
841 2627 859 2667 a
882 2604 1035 2688 singulari
1061 2603 1243 2687 formantia,
1265 2605 1377 2667 addito
1401 2604 1480 2668 dun·

220 2723 311 2772 taxat
339 2731 361 2774 tt
384 2710 423 2772 ad
453 2708 688 2772 nominativum
724 2708 930 2792 singularem,
955 2722 1029 2771 sunt
1051 2709 1179 2792 generis
1203 2710 1357 2772 neutrius.
1404 2709 1478 2773 Vid.

220 2813 278 2876 inf.
302 2834 374 2898 pag.
399 2815 451 2877 47.
495 2812 532 2874 Ε.
557 2835 584 2876 c.
610 2835 667 2896 per
690 2834 801 2873 omnes
825 2811 893 2873 fere
918 2811 1080 2897 alphabeti
1103 2813 1245 2875 vocales:
1269 2813 1373 2877 hieria
1394 2836 1479 2877 nom.

222 2918 305 3002 plur.
320 2918 464 2994 hiertam
480 2916 584 2999 stpclre
601 2939 685 2978 nom.
704 2917 787 3001 plur.
804 2916 948 2999 stpeleeu5
964 2917 1019 3000 bij,
1035 2917 1118 3002 plur.
1136 2917 1217 2998 bryan
1230 2918 1285 2982 boo
1298 2917 1379 3000 plur.
1391 2917 1482 2995 boon·

222 3021 317 3085 strdd
333 3021 415 3106 plur.
432 3021 562 3098 strddm
584 3025 647 3094 troi,
672 3021 755 3105 plur.
780 3025 897 3099 tratum·
910 3021 1000 3104 frlt'o',
1023 3021 1105 3106 plur.
1121 3022 1225 3104 froda
1249 3032 1308 3083 etc.

309 3125 330 3189 S
341 3125 530 3209 peciales.

307 3229 359 3292 Ex
382 3229 452 3313 ipsa
475 3228 700 3290 terminatione
724 3228 914 3291 nominativi
938 3229 1108 3312 singularis
1132 3229 1164 3291 in
1189 3242 1308 3292 certam
1326 3229 1481 3304 vocalem,

224 3333 277 3395 vel
301 3355 473 3396 consonam
498 3331 686 3394 desinentis.

309 3489 346 3552 ln
370 3508 407 3555 a.
442 3489 517 3552 Not.
537 3507 558 3551 1.
595 3491 779 3572 Antequam
802 3487 903 3571 ipsam
929 3487 1073 3571 regulam
1097 3487 1137 3549 de
1161 3485 1383 3550 desinentibus
1406 3489 1484 3553 ina

226 3615 415 3678 proponam,
450 3591 571 3677 aliquid
599 3591 779 3654 necessario
803 3591 1058 3675 praenotandum.

314 3696 450 3775 Quidam
466 3697 550 3759 enim
565 3696 728 3770 adserunt,
742 3694 866 3756 nullum
882 3694 1013 3756 omnino
1030 3693 1264 3757 substantivum
1279 3694 1310 3756 in
1325 3715 1346 3757 a
1357 3692 1484 3754 finitum

227 3823 296 3864 esse
333 3801 502 3864 masculini
536 3799 682 3884 generis3
712 3798 768 3862 sed
792 3798 1062 3876 omnianomina,
1085 3820 1156 3883 quae
1179 3797 1278 3882 vulgo
1302 3796 1486 3861 scribuntur

227 3927 284 3990 per
314 3926 335 3969 o
363 3905 396 3967 in
425 3927 510 3967 nom.
541 3903 708 3988 singulari,
735 3915 768 3964 et
796 3915 901 3966 tamen
932 3901 1102 3965 masculini
1131 3901 1259 3986 generis
1287 3914 1362 3964 sunt
1389 3913 1485 3985 atque

226 4031 312 4072 nom.
343 4009 501 4094 pluralem
531 4008 656 4071 faciunt
681 4007 715 4070 in
743 4029 793 4085 ar,
828 4007 947 4070 rectius
981 4007 1078 4070 scribi
1102 4029 1138 4070 ac
1161 4005 1367 4091 pronunciari
1390 4027 1487 4091 pere

228 4112 261 4174 in
296 4136 380 4176 nom.
416 4113 587 4198 singulari:
613 4133 671 4196 per
694 4111 891 4196 peculiarem
925 4133 1003 4175 vero
1032 4111 1217 4188 dialectum,
1240 4110 1395 4195 precipue
1422 4108 1486 4193 Up-

229 4217 398 4294 landicam,
423 4217 462 4280 ab
484 4217 542 4280 illa
570 4215 837 4301 pronunciatione
860 4215 1010 4300 primum,
1034 4238 1070 4278 ac
1093 4214 1211 4277 deinde
1235 4214 1409 4298 scriptione
1433 4213 1487 4274 de-

229 4320 370 4399 flexisse,
394 4335 489 4405 atque
507 4343 565 4406 per
580 4341 602 4384 a
618 4319 715 4383 scribi
739 4319 879 4403 caepisse.
926 4319 1028 4403 ldque
1049 4318 1187 4404 probant

319 4430 347 4489 l.
393 4424 556 4510 Analogia
579 4423 718 4486 deducta
741 4445 784 4486 ex
804 4423 952 4486 omnibus
975 4422 1169 4499 nominibus,
1193 4442 1263 4506 quae
1286 4417 1412 4504 vulgari
1435 4418 1488 4480 ad·

231 4531 294 4594 huc
326 4530 500 4615 scriptione
523 4531 556 4592 in
580 4551 596 4593 e
619 4528 780 4602 desinunt,
803 4550 888 4590 nom.
913 4527 1068 4610 pluralem
1093 4526 1217 4589 faciunt
1240 4525 1271 4586 in
1296 4544 1337 4586 ur
1359 4541 1393 4584 et
1415 4536 1490 4586 sunt

232 4635 401 4699 masculini
437 4635 582 4718 generis:
622 4647 658 4696 ut
694 4633 803 4714 pubbe,
835 4633 942 4714 prisce,
973 4632 1064 4713 jutta,
1096 4629 1213 4710 hierpe,
1233 4629 1334 4711 fiune,
1355 4648 1489 4710 prunae,

230 4741 339 4823 slahis,
374 4740 488 4818 batth,
523 4760 648 4822 sparte,
681 4736 771 4819 tate,
805 4734 905 4812 stulte,
939 4735 1033 4811 kulle,
1067 4733 1159 4812 stille,
1182 4733 1284 4814 kappe
1307 4744 1379 4817 etc,
1402 4731 1488 4820 quod
