3674 5694
646 504 690 562 Da
713 505 839 562 Nomine
864 503 1063 562 substantivo.
1442 505 1482 562 23

308 685 337 747 3.
384 684 536 769 Gentilia,
571 709 641 771 quae
676 687 813 771 patriam
848 699 904 751 aut
926 702 1056 773 gentem
1081 685 1274 770 significant,
1303 699 1480 772 nutantque

223 800 418 871 concretum,
449 789 625 852 masculum
650 790 718 853 scil.
743 791 796 854 vel
819 791 974 854 feminam
998 802 1092 853 certas
1116 789 1222 874 gentis
1246 812 1302 852 seu
1331 791 1481 868 nationis,

222 903 259 954 ut
281 913 318 956 eu
341 893 466 957 sweuslr
489 917 507 956 a
531 893 659 977 deserte,
682 916 720 958 ea
742 895 845 960 doust
869 917 886 958 a
910 893 1094 977 Doumarlc,
1118 916 1156 958 ea
1179 895 1249 976 tyele
1271 917 1288 957 a
1307 894 1481 978 Tuslluud,

223 1016 261 1060 ea
275 997 366 1078 fiune
389 1017 407 1059 a
432 995 576 1062 Ruluud
598 1008 658 1060 eto.
683 997 727 1060 Et
750 997 850 1060 sicin
875 997 1034 1061 feminino
1057 1019 1095 1062 eu
1109 997 1233 1080 ofilesta,
1256 1019 1295 1063 eu
1309 998 1404 1080 tysim
1420 1011 1481 1064 ete.

224 1097 276 1162 Sic
300 1098 396 1161 etiam
419 1101 637 1184 Lifflri‘udore,
675 1101 886 1180 Hollc'iudore,
924 1102 1144 1184 Euqlr't‘udare,
1182 1102 1236 1164 vel
1274 1102 1482 1184 Errqelsmuu,

227 1202 358 1284 Pouet,
372 1203 544 1280 Frontem,
566 1204 700 1289 Italian,
717 1204 866 1288 Sponsor,
885 1205 981 1288 Turb,
1002 1203 1123 1287 ngrrer
1136 1217 1197 1268 ete.
1216 1205 1258 1268 Et
1270 1204 1310 1268 de
1324 1205 1482 1269 feminino

223 1327 320 1369 sexu:
347 1329 384 1370 eu
408 1306 544 1384 Fistula,
567 1308 789 1391 Lt'ffldudslta,
813 1308 1020 1374 Holldudsltu
1043 1321 1103 1372 eto.
1143 1309 1181 1372 In
1197 1308 1388 1394 quibusdam
1405 1331 1483 1372 vero

223 1407 373 1472 usitatius
398 1409 507 1472 addito
531 1409 734 1474 substantivo
762 1412 975 1496 appellativo;
993 1425 1029 1474 ut
1044 1435 1081 1475 ou
1099 1411 1290 1489 Frautadslu
1309 1413 1483 1495 Italiunslt,

190 1593 194 1598 Ι
227 1511 365 1594 Spuusla
397 1511 508 1594 Putet,
545 1513 697 1594 Uuqerslu
727 1514 878 1590 Turbeslr,
902 1519 1033 1597 quiana,
1057 1516 1180 1591 bostro,
1199 1517 1292 1599 frou,
1309 1517 1482 1602 juuqfruu.

224 1615 307 1678 Item
332 1614 364 1676 in
390 1617 443 1697 luy
459 1629 494 1678 ut
512 1616 668 1698 Slduiugr,
688 1617 833 1700 Helslugr,
850 1617 1071 1700 Gottlo'ium'ugr,
1096 1617 1289 1702 Uplduulum
1310 1605 1483 1703 (lizinniam,

232 1719 475 1802 Wermlc‘t'uut'uy
498 1734 557 1784 eto.

310 1827 340 1886 4.
387 1823 526 1888 Possunt
558 1824 702 1888 fortassis
738 1824 801 1890 huo
836 1826 933 1889 etiam
968 1826 1082 1889 referri
1116 1827 1247 1890 nomina
1275 1827 1404 1912 propria
1427 1849 1485 1912 par

225 1926 491 2011 compositionem
515 1927 644 1990 aliunde
668 1928 815 2013 formata,
839 1944 874 1992 ut
898 1929 1065 2015 regionum
1090 1951 1127 1994 ao
1144 1932 1337 2016 populorum
1355 1932 1485 1994 nomina

225 2053 243 2092 a
276 2052 354 2092 voce
389 2031 467 2095 laud
488 2031 685 2116 composita;
709 2046 745 2096 ut
771 2033 945 2116 Tyskluud,
971 2033 1149 2116 Etruriaml,
1174 2034 1345 2118 Ryssloud
1367 2047 1428 2100 eto.
1452 2047 1486 2098 st

227 2133 476 2216 provinciarum,
498 2147 535 2196 ut
565 2134 703 2219 optant,
728 2119 981 2219 (loterqb‘lltluud,
1007 2137 1173 2220 Smdlaud‚
1197 2137 1353 2204 (r'oltlaud
1375 2151 1435 2202 eto.

312 2237 395 2300 Item
429 2259 602 2321 regnorum
636 2239 766 2302 nomina
798 2263 816 2303 a
850 2263 929 2304 voce
962 2242 1045 2323 rijlro
1077 2242 1255 2328 composita
1276 2253 1313 2306 ut
1336 2243 1486 2326 Smerde,

227 2341 435 2424 Froulom'jloe,
463 2327 640 2427 (laterm'jlre
664 2355 724 2406 eto.

313 2445 554 2508 Provinciarum
578 2447 709 2510 nomina
732 2446 784 2510 hio
807 2447 840 2509 in
865 2447 980 2512 Sueoia
1003 2471 1021 2510 a
1044 2470 1122 2510 vooe
1146 2448 1219 2513 bota
1241 2448 1430 2534 composita,
1451 2459 1488 2512 ut

227 2549 402 2631 Norrbotu,
433 2547 638 2632 murrona,
662 2534 837 2614 (irremota.
884 2551 1022 2614 Urbium
1046 2551 1176 2614 nomina
1199 2574 1241 2614 ex
1264 2552 1360 2615 variis
1385 2553 1486 2616 nomi-

225 2651 320 2715 nibus
354 2652 541 2736 composita‚
576 2664 613 2714 ut
640 2653 825 2736 stratuum,
850 2654 1037 2736 thbebory,
1063 2653 1262 2738 Nortopaq,
1286 2655 1486 2738 Askersuud,

229 2755 376 2838 Slqtuuo,
399 2755 633 2838 K'o'peubumpu
655 2769 716 2818 eto.

312 2859 458 2921 Laouum
481 2859 611 2921 nomina
638 2858 764 2943 adjecto
782 2862 848 2926 stou
865 2860 1012 2944 formata,
1029 2872 1065 2923 ut
1084 2859 1276 2942 Stoorsiddu,
1291 2859 1486 2941 tunorium,

229 2959 414 3034 Bibrsr'bbu,
440 2945 655 3026 datuuusib'b'u
677 2973 737 3025 ete.

315 3063 494 3126 Insularum
529 3065 659 3128 nomina
694 3088 711 3128 a
745 3088 824 3129 voce
858 3071 894 3132 b'o‘
927 3067 1074 3150 formata,
1110 3078 1146 3129 ut
1169 3067 1311 3147 Aruddu,
1334 3064 1488 3146 Loofddu,

228 3167 369 3243 aarum,
395 3167 559 3234 Mausb‘o'u
582 3181 642 3231 eto.

314 3269 473 3333 Montium
509 3271 639 3334 nomina
662 3293 680 3334 a
702 3293 781 3334 voce
805 3272 879 3354 bero
902 3271 1049 3348 formata,
1074 3284 1109 3333 ut
1135 3269 1310 3351 Sulberyet,
1333 3267 1487 3348 Koppar-

227 3373 340 3456 beryet,
365 3372 586 3457 Bruukebery,
609 3355 749 3457 dmborq
773 3390 833 3438 eto.

313 3477 503 3540 Fluviorum
538 3479 590 3540 vel
625 3479 783 3542 Amnium
818 3478 948 3540 nomina
983 3501 999 3538 a
1035 3499 1113 3539 voce
1137 3475 1201 3559 elffi
1225 3479 1335 3556 stodor,
1358 3475 1412 3556 dd,
1437 3473 1490 3536 vel

228 3581 289 3644 alia
311 3603 391 3643 voce
415 3580 567 3646 formata:
592 3593 628 3644 ut
651 3581 806 3663 Doolelffi
832 3581 1031 3657 Nurrslrb'm,
1056 3579 1192 3662 Solliciti,
1206 3577 1346 3656 Fallat,
1364 3577 1489 3660 [Troll

227 3684 338 3770 torta]
362 3696 422 3747 eto.

315 3787 487 3850 Stellarum
512 3788 642 3850 nomina
665 3799 701 3850 ut
724 3787 918 3870 Kurlwuqu,
943 3786 1136 3869 Fm'yqeroolr
1163 3796 1224 3848 etc.

313 3890 483 3954 Nomina
506 3891 757 3978 appellativa
781 3891 979 3954 derivata.

316 3995 397 4058 Sunt
419 3997 472 4060 vel
496 3996 680 4059 Nominalia
703 3995 741 4058 ab
766 3995 836 4058 aliis
862 3994 1056 4077 nominibus,
1080 3993 1133 4056 vel
1157 3991 1319 4068 Verbalia‚
1344 4013 1361 4052 a
1384 3989 1491 4052 verbis

230 4098 383 4164 derivata.

316 4201 382 4264 Not
405 4221 426 4263 1.
472 4199 625 4264 Verbalia
659 4199 804 4263 derivata
837 4200 889 4284 (ut
923 4197 962 4259 de
992 4196 1057 4258 illis
1081 4197 1185 4281 primo
1210 4197 1357 4281 agamus)
1382 4195 1491 4258 omnia

229 4315 304 4365 sunt
339 4303 549 4380 substantiva,
585 4303 855 4388 quemadmodum
891 4303 962 4364 vioe
997 4322 1098 4372 versa,
1133 4299 1353 4384 Partioipialia
1385 4299 1493 4360 omnia

230 4407 400 4491 adjectiva.

317 4509 391 4572 Not.
414 4528 448 4572 11.
495 4507 683 4572 Verbalium
719 4506 949 4583 derivatorum,
984 4527 1119 4590 quorum
1155 4525 1289 4588 magnus
1324 4502 1356 4564 in
1381 4500 1492 4586 lingua

228 4627 338 4677 nostra
373 4624 423 4674 est
457 4634 620 4689 numerus,
654 4624 687 4674 et
710 4632 768 4696 per
792 4632 902 4672 omnes
926 4609 1029 4672 ferme
1054 4607 1219 4694 alphabeti
1242 4607 1352 4670 literar
1377 4605 1490 4688 iugens

228 4717 366 4786 varietas
401 4737 503 4811 pauoa
537 4727 661 4784 tantum
695 4713 748 4776 hio
781 4713 956 4809 subjungo:
981 4735 1053 4786 nam
1078 4712 1185 4786 omnia
1208 4723 1321 4783 exacte
1354 4709 1493 4791 tradere,
