3648 5696
375 515 436 574 140
703 517 752 577 Er.
776 518 928 576 Aurivillii
952 518 1147 576 Grammatica
1171 519 1308 577 Svecana.

372 719 463 782 praes.
492 699 555 780 ρἀρ
581 698 722 782 fielium
748 698 858 783 fijaid,
893 723 983 786 praes.
1011 702 1074 783 ρἀρ
1093 701 1194 785 fijlter
1217 711 1277 763 ete.
1325 702 1363 764 In
1389 701 1431 766 ku
1453 709 1490 762 ut
1512 688 1639 780 ε’ῙααΙαα,

373 822 463 885 praes.
488 801 546 882 ρἀρ
569 799 719 880 alfetum
741 803 863 885 ἀνίατα,
887 825 977 888 praes.
994 806 1057 887 ρἀρ
1079 803 1225 882 daretem
1241 803 1353 885 paeda,
1378 823 1468 888 praes.
1484 803 1547 884 ρἀρ
1564 823 1641 882 pee-

371 904 452 980 laar‚·
475 903 571 968 lecha.
596 925 686 988 praes.
707 905 766 988 ρἀρ
789 905 890 969 leeltcr
913 917 973 971 etc.
1021 907 1058 968 ln
1083 906 1125 984 lu,
1149 918 1186 968 ut
1208 905 1307 980 kelle,
1333 926 1421 989 praes.
1439 904 1641 986 ρἀρῙααῑῑαα;

363 1006 467 1091 fallu,
500 1026 583 1090 pres.
601 1008 664 1089 ρἀρ
679 1007 800 1090 fallam
824 1008 938 1090 bryllu,
964 1030 1052 1093 praes.
1071 1011 1134 1091 ρἀρ
1157 1008 1301 1091 capilum
1323 1006 1440 1088 alcplla,
1466 1028 1554 1091 praes.
1571 1008 1641 1087 ρἀρ

372 1108 493 1191 εἶαρῑῑα·
528 1121 588 1170 ete.
635 1109 685 1171 In
707 1130 769 1184 ma,
804 1121 840 1172 ut
874 1115 973 1194 soma,
998 1133 1088 1196 praes.
1107 1113 1168 1192 ρἀρ
1190 1114 1316 1187 alimum·
1336 1114 1441 1190 poma,
1465 1130 1555 1193 praes.
1571 1110 1639 1190 ρἀρ

370 1214 498 1292 pomam
520 1208 663 1286 aldiraan,
686 1233 778 1296 praes.
794 1215 857 1295 ρἀρ
879 1213 1049 1289 aldamum
1070 1218 1203 1287 αᾶνααα,
1230 1233 1319 1296 praes.
1343 1213 1398 1292 αἀρ
1421 1215 1556 1275 αᾶναια
1572 1221 1638 1270 etc.

374 1311 412 1374 In
445 1332 498 1384 αα,
532 1323 569 1374 ut
602 1311 743 1393 ῑᾶαραα,
780 1337 870 1398 praes.
902 1316 1070 1396 lampae&
1093 1321 1245 1398 αᾶααραα,
1269 1335 1359 1398 praes.
1377 1313 1439 1394 ρἀρ
1461 1315 1641 1391 olimpum

372 1414 471 1496 sijau,
499 1435 588 1496 praes.
604 1414 666 1496 ρἀρ
692 1418 818 1498 squam
842 1416 962 1499 altijae,
987 1439 1075 1500 praes.
1093 1420 1156 1501 ρἀρ
1179 1417 1310 1499 slaa'y'ner.
1358 1415 1395 1478 In
1417 1435 1462 1496 pa
1478 1425 1513 1476 ut
1529 1413 1640 1494 skipa,

373 1538 463 1600 praes.
480 1517 542 1599 ρἀρ
565 1515 697 1598 adipum
716 1521 824 1600 ραίρα,
849 1541 938 1602 praes.
948 1519 1010 1600 ρἀρ
1023 1521 1152 1602 armen·
1168 1519 1298 1602 steppo,
1317 1541 1406 1604 praes.
1419 1520 1480 1601 ρἀρ
1496 1516 1641 1598 akeppar

373 1618 514 1701 kadppa,
550 1641 640 1704 prees.
668 1620 730 1702 ρἀρ
764 1620 915 1703 Ιααᾶρρα.
963 1621 998 1684 ln
1034 1643 1084 1697 ro,
1119 1633 1155 1685 ut
1188 1626 1287 1704 εἰόνα,
1311 1642 1401 1705 praes.
1419 1621 1481 1702 ρἀρ
1504 1623 1640 1695 storum

372 1721 463 1803 horo,
487 1744 574 1805 praes,
596 1723 656 1804 ρἀρ
679 1722 792 1800 labrem
813 1722 907 1805 αἀνα,
931 1745 1021 1806 praes.
1039 1725 1101 1806 ρἀρ
1117 1725 1236 1800 ethaam
1253 1723 1338 1800 Ζᾶνα,
1355 1744 1445 1807 praes.
1462 1721 1516 1802 ρἀρ
1534 1720 1639 1796 furer,-

373 1823 412 1885 ln
446 1845 495 1906 su,
529 1837 566 1886 ut
599 1825 714 1907 spijsc,
749 1847 839 1909 praes.
861 1826 924 1907 ρἀρ
946 1827 1094 1909 apricum
1116 1827 1224 1908 satjau,
1248 1846 1339 1909 praes.
1359 1825 1419 1907 jup
1441 1824 1549 1905 wijaer
1572 1835 1636 1884 etc.

367 1925 468 2008 fidae,
504 1948 595 2011 praes.
622 1928 684 2009 ρἀρ
712 1927 847 2009 fldsam
880 1928 983 2011 bleisa,
1019 1950 1109 2012 praes.
1136 1929 1198 2010 ρἀρ
1231 1927 1338 1991 bldaer
1363 1938 1423 1988 etc.
1469 1926 1508 1990 In
1530 1930 1573 2006 tc,
1599 1937 1639 1986 ut

372 2029 479 2112 ayffta,
515 2051 605 2114 praes.
628 2030 691 2111 ρἀρ
714 2031 850 2113 offlam
873 2030 975 2113 lpfftu,
999 2053 1090 2116 praes.
1107 2033 1170 2114 ρἀρ
1194 2030 1315 2113 lyfftem
1339 2029 1441 2112 lautu,
1465 2051 1555 2113 praes.
1571 2029 1637 2110 ρἀρ

373 2132 481 2210 latum·
514 2134 605 2211 tiata,
639 2155 729 2217 praes.
756 2135 819 2216 ρἀρ
853 2135 948 2198 αάία
983 2145 1043 2197 ete.
1090 2134 1128 2196 In
1155 2134 1238 2216 swa,
1267 2118 1444 2216 uetustae,
1468 2132 1638 2217 praesjap

374 2235 511 2319 bdswur,
533 2235 653 2319 kustau,
676 2258 766 2320 praes.
791 2238 845 2318 Ιιάρ
871 2237 1004 2320 hasmet,
1027 2237 1144 2320 aafwa,
1168 2258 1257 2321 praes,
1282 2238 1337 2319 αἀρ
1354 2237 1500 2319 susanam
1515 2233 1636 2317 hasmo,

374 2359 464 2422 praes.
493 2339 555 2421 ρἀρ
586 2339 719 2422 hasmet.
767 2339 804 2402 ln
838 2339 1006 2404 infinitivis
1036 2339 1256 2404 desinentibus
1280 2339 1313 2402 in
1337 2360 1358 2402 α
1381 2361 1507 2424 purum,
1531 2337 1639 2423 qualia

373 2463 439 2503 non
472 2455 547 2504 sunt
579 2441 648 2505 fere
683 2443 755 2519 alia,
779 2443 938 2507 diversam
962 2444 1056 2507 istam
1079 2443 1254 2506 flexionem
1279 2443 1444 2528 praesentis
1468 2440 1637 2504 indicativi

374 2543 587 2621 admittentia,
622 2569 717 2630 quam
751 2545 834 2610 finiti
868 2547 901 2610 in
935 2550 978 2624 ia,
1008 2570 1145 2634 quorum
1169 2547 1321 2632 exempla
1344 2545 1479 2631 praeced.
1505 2567 1575 2630 pag.
1602 2544 1637 2606 in

373 2648 481 2731 priore
505 2649 605 2711 classe
630 2661 704 2713 sunt
727 2651 904 2736 proposita,
928 2673 999 2736 quae
1022 2650 1085 2713 huc
1108 2661 1265 2735 spectant.

460 2751 541 2814 Cum
565 2751 664 2836 igitur
687 2765 776 2815 tanta
798 2752 857 2815 hac
880 2753 914 2815 in
937 2776 971 2816 re
995 2754 1132 2816 varietas
1146 2754 1198 2831 sit,
1217 2752 1354 2838 expedit
1377 2750 1520 2814 omnium
1544 2749 1638 2812 istius

374 2854 462 2917 modi
489 2853 724 2918 infinitivorum
748 2855 935 2919 adcuratum
958 2856 1076 2920 habere
1100 2857 1294 2942 catalogum,
1323 2857 1415 2940 cujus
1439 2851 1639 2917 contexendi

374 2969 407 3019 et
430 2979 491 3042 ego
515 2958 646 3043 aliquod
665 2960 733 3042 jam
757 2960 1017 3044 experimentum
1039 2959 1112 3022 feci.
1159 2959 1209 3022 De
1226 2958 1454 3022 terminatione
1470 2955 1641 3019 indicativi

376 3073 484 3144 potest
507 3061 604 3124 etiam
626 3060 694 3124 haee
716 3063 829 3147 regula
851 3063 1013 3147 generalis
1027 3063 1120 3139 tradi,
1138 3062 1224 3147 quod
1241 3061 1348 3124 omnia
1363 3060 1472 3143 verba,
1489 3059 1639 3122 desinen-

374 3163 420 3226 tia
444 3163 477 3226 in
500 3165 550 3240 bu,
573 3165 626 3248 lac,
640 3166 709 3248 stu,
732 3166 842 3244 inca,
867 3178 900 3228 et
921 3166 955 3228 in
970 3187 1012 3232 αα
1028 3166 1080 3229 vel
1096 3171 1159 3241 ίαα,
1177 3187 1317 3250 praesens
1333 3163 1500 3229 indicativi
1516 3163 1639 3226 faciant

375 3277 502 3329 tantum
524 3267 558 3330 in
581 3289 630 3332 αν.

461 3369 632 3434 Formatur
655 3383 761 3434 autem
786 3372 825 3435 ab
846 3371 1017 3454 infinitivo,
1034 3372 1099 3457 qui,
1115 3384 1152 3434 ut
1171 3370 1429 3456 simplicissimus
1446 3382 1479 3432 et
1495 3369 1638 3432 maxime

373 3472 499 3549 obvius,
532 3473 590 3536 ita
611 3474 705 3537 radix
728 3475 925 3559 reliquorum
949 3488 1132 3560 temporum
1156 3497 1220 3537 non
1243 3473 1406 3536 immerito
1430 3474 1555 3536 censeri
1578 3496 1635 3556 po·

375 3588 448 3639 test.
495 3577 638 3640 Praesens
672 3578 781 3662 itaque
815 3579 849 3641 in
871 3601 912 3643 cr
934 3577 1061 3642 finitum
1086 3578 1254 3656 formatur,
1277 3577 1404 3661 adjecto
1428 3577 1532 3642 solum
1555 3599 1573 3639 r
1597 3575 1638 3639 ad

374 3678 587 3757 infinitivum3
621 3680 749 3744 finitum
779 3703 857 3744 vero
890 3682 924 3744 in
957 3703 1003 3760 er,
1039 3692 1162 3744 mutato
1193 3701 1215 3744 α
1237 3679 1326 3742 finali
1348 3679 1504 3743 infinitivi
1533 3680 1567 3742 in
1592 3701 1635 3744 er.

374 3782 474 3866 Cujus
497 3782 698 3848 formationis
723 3785 873 3869 exempla
896 3784 1042 3870 pluscula
1064 3782 1161 3868 paulo
1185 3794 1258 3845 ante
1282 3795 1357 3846 sunt
1379 3783 1507 3847 tradita.

718 4005 776 4067 De
799 4003 1044 4088 Imperfecto
1067 4003 1302 4087 Indieativi‚

673 4110 806 4193 ejusque
829 4107 1056 4171 terminatione
1080 4129 1116 4170 ao
1138 4107 1342 4172 formatione.

461 4213 694 4299 Imperfectum
721 4211 755 4274 in
779 4209 838 4274 hac
860 4211 1086 4296 conjugatione
1110 4211 1230 4273 variam
1253 4209 1351 4274 habet
1372 4209 1638 4273 terminationem

375 4316 558 4401 desinitque
593 4316 646 4378 vel
669 4315 703 4377 in
725 4303 763 4379 de
786 4337 911 4398 purum,
935 4313 996 4376 hoc
1019 4326 1068 4376 est
1090 4315 1159 4389 ade,
1181 4335 1238 4376 seu
1262 4314 1362 4392 adlte,·
1385 4313 1439 4375 vel
1462 4313 1496 4375 in
1519 4313 1558 4378 de
1580 4312 1638 4374 im-

375 4443 503 4507 purum,
542 4420 595 4482 vel
629 4420 663 4481 in
697 4425 726 4483 lc
759 4417 931 4503 impurum.
979 4417 1114 4496 Quando
1149 4417 1236 4479 enim
1271 4416 1305 4479 in
1328 4417 1417 4495 adhe,
1442 4415 1639 4502 quandoque

376 4525 469 4588 aliter
492 4523 628 4606 desinat,
652 4545 694 4584 ex
716 4523 786 4606 ipsa
809 4521 1001 4584 formatione
1025 4519 1261 4605 quodammodo
1285 4521 1431 4605 patescit.

463 4628 633 4691 Formatur
657 4637 764 4687 autem
789 4647 806 4686 a
829 4635 985 4710 praesente
1009 4622 1186 4686 indicativi.
1231 4625 1274 4688 Et
1296 4624 1426 4709 quidem
1445 4647 1462 4686 a
1480 4636 1642 4708 praesente

375 4730 543 4806 indicativi
565 4731 601 4793 in'
622 4752 661 4801 ar
684 4729 840 4798 formatus
864 4750 991 4820 semper
1014 4726 1133 4796 desinit
1149 4729 1183 4796 in
1198 4728 1286 4804 adhc,
1304 4751 1322 4794 α
1338 4727 1434 4798 videl.
1452 4726 1543 4798 finali
1557 4727 1643 4798 indi·
