3648 5696
727 489 775 549 Er.
800 492 951 551 Aurivillii
978 493 1174 552 Grammatico
1198 494 1335 553 Svecana.

786 675 841 738 De
865 675 1020 740 Futuro
1043 676 1275 740 Indioativi.

486 829 645 893 Futurum
680 853 808 917 quoque
843 833 876 896 in
899 833 1011 918 lingua
1046 831 1176 896 Suetioa
1211 833 1372 919 propriam
1395 831 1570 895 flexionem
1594 855 1660 895 non

399 933 507 1012 habet,
542 933 597 997 sed
631 933 663 997 in
688 935 865 999 subsidium
890 948 984 999 vocat
1006 935 1141 999 verbum
1165 936 1321 999 auxiliare
1347 936 1447 1013 sftola,
1471 937 1524 998 vel
1546 936 1659 1018 taillia,

400 1051 434 1101 et
456 1037 587 1122 quidem
610 1060 749 1123 praesens
772 1051 900 1124 tempus
917 1039 979 1121 jay
1001 1039 1084 1122 sicul,
1108 1040 1160 1103 vel
1170 1041 1233 1122 jay
1247 1041 1325 1117 wilt,
1343 1052 1378 1102 ut
1387 1041 1449 1123 jay
1465 1039 1539 1104 skal
1553 1039 1658 1114 dista,

400 1145 514 1226 ayttr'a,
531 1142 594 1224 jay
615 1142 684 1206 will
707 1143 813 1220 dista,
837 1145 940 1226 ayttr'a
963 1157 1024 1206 eto.

487 1245 555 1310 NB.
602 1245 651 1309 De
686 1259 874 1310 caeterorum
903 1246 1082 1325 modorum,
1106 1246 1290 1332 imperativi
1315 1247 1382 1310 soil.
1407 1259 1440 1310 et
1463 1247 1662 1331 conjunctivi

401 1349 612 1436 temporibus,
647 1372 822 1435 eorumque
856 1350 1081 1413 terminatione
1112 1363 1144 1412 et
1167 1350 1369 1434 formatione,
1393 1351 1500 1414 studio
1523 1349 1663 1412 vitandae

403 1453 608 1539 prolixitatis,
644 1454 781 1538 amplius
816 1452 868 1516 hie
892 1475 987 1538 agere
1011 1453 1218 1538 supersede0‚
1245 1477 1317 1518 oum
1342 1477 1453 1516 eorum
1478 1453 1663 1516 terminatio

394 1581 439 1621 ao
473 1558 634 1632 formatio,
658 1558 774 1644 partim
799 1579 840 1619 ex
860 1559 927 1641 jam
952 1557 1056 1632 dictis,
1081 1557 1196 1642 partim
1222 1580 1262 1618 ex
1285 1557 1364 1642 ipsis
1389 1557 1665 1643 paradigmatibus

403 1663 479 1725 satis
503 1662 628 1748 percipi
652 1684 746 1748 posse
770 1660 928 1724 videatur.
1215 1664 1220 1670 “

839 1936 894 2000 De
918 1937 1089 2001 Passiva
1115 1938 1225 2002 Voce.

759 2074 816 2137 De
840 2075 1042 2140 Praesente
1067 2077 1301 2154 Indioativi,

704 2215 837 2298 ejusque
863 2215 1088 2280 terminatione
1113 2230 1146 2278 et
1168 2215 1369 2280 formatione.

494 2352 622 2416 Desinit
654 2351 747 2430 illud,
780 2353 833 2415 vel
867 2353 899 2416 in
935 2375 975 2419 aa
1008 2356 1061 2419 vel
1095 2356 1128 2418 in
1156 2375 1207 2421 es:
1228 2354 1262 2416 in
1285 2375 1333 2428 us,
1358 2353 1444 2439 quod
1468 2377 1486 2417 a
1509 2365 1667 2438 praesente

406 2458 517 2522 activae
541 2457 628 2520 voois
652 2456 683 2518 in
708 2478 758 2532 ar,
782 2456 815 2518 in
838 2477 872 2522 es
895 2480 971 2520 vero
995 2459 1081 2543 quod
1106 2482 1123 2522 a
1145 2471 1303 2545 praesente
1327 2459 1439 2521 activae
1461 2458 1550 2520 vocis
1574 2458 1607 2520 in
1631 2481 1668 2521 er
1747 2529 1754 2550 ⁸

405 2561 571 2624 formatur.
617 2559 788 2623 Formatur
822 2560 942 2645 itaque,
966 2574 1002 2625 ut
1024 2573 1124 2648 patet,
1148 2585 1166 2625 a
1189 2574 1346 2648 praesente
1370 2561 1537 2625 indicativi
1553 2561 1668 2624 aotivae

406 2664 506 2739 vocis,
539 2676 662 2726 mutato
695 2685 714 2727 r
743 2663 776 2725 in
799 2684 826 2739 a,
850 2677 887 2727 ut
911 2667 974 2748 jay
1008 2667 1131 2749 citatur,
1165 2668 1299 2751 ayttiar,
1334 2687 1416 2751 pass.
1441 2666 1506 2748 ,jay
1542 2664 1668 2741 dietae,

408 2771 547 2853 apttiua
581 2780 642 2830 act.
659 2769 721 2850 jay
744 2768 884 2851 trddter,
898 2769 1027 2853 fiditer,
1050 2771 1191 2846 testarier,
1211 2770 1313 2847 riter,
1337 2770 1463 2834 stillier
1486 2780 1559 2845 eta,
1583 2791 1666 2853 pass.

407 2873 545 2949 tratres,
560 2871 690 2956 forthae,
713 2873 852 2948 wdadea
875 2873 977 2950 soter,
1000 2873 1126 2938 stttlt'es
1149 2886 1210 2936 eto.

746 3129 799 3192 De
823 3128 1068 3215 Imperfeoto
1091 3129 1325 3208 Indioativi‚

705 3252 839 3335 ejusque
862 3251 1089 3314 terminatione
1112 3273 1149 3314 ao
1172 3250 1375 3314 formatione.

496 3372 623 3436 Finitur
645 3372 725 3435 illud
750 3373 783 3434 in
806 3393 855 3437 es:
883 3371 1039 3434 formatur
1062 3371 1148 3434 enim
1172 3371 1211 3435 ab
1235 3370 1427 3456 imperfecto
1451 3372 1562 3436 aotivae
1579 3373 1671 3436 vocis

408 3476 442 3540 in
464 3477 543 3542 adhe
565 3477 618 3539 vel
641 3477 674 3538 in
698 3477 735 3541 de
758 3477 810 3539 vel
833 3476 864 3538 in
889 3481 927 3552 te,
951 3474 1042 3538 finito
1066 3475 1193 3560 adjecto
1216 3476 1319 3538 solum
1343 3475 1375 3538 in
1396 3475 1460 3538 fine
1476 3497 1503 3552 a,
1521 3489 1557 3538 ut
1574 3477 1671 3540 aatiV.

408 3581 555 3664 aestate,
587 3581 768 3664 optundit&
801 3581 918 3666 passiv.
958 3581 1139 3662 dlstadtea,
1174 3580 1362 3664 ayttr'odhea.
1408 3581 1516 3644 Activ.
1547 3582 1673 3664 nadre,

400 3686 511 3770 fo'dda
534 3686 654 3761 wdade,
678 3685 812 3764 sarran
833 3707 915 3771 pass.
938 3685 1080 3760 trctddea
1093 3684 1222 3768 jeddoa,
1245 3684 1384 3761 ventador,
1405 3684 1556 3761 stttldes;
1574 3685 1672 3750 aotiv.

409 3791 508 3868 nette,
530 3789 661 3872 eruta,
683 3789 780 3873 solete,
804 3789 908 3868 rutro
932 3810 1013 3873 pass.
1037 3789 1154 3864 verres,
1176 3788 1325 3864 wrdttes,
1349 3788 1463 3867 adttaa
1488 3788 1590 3854 tritten
1608 3803 1673 3854 etc.

494 3893 569 3957 Not.
615 3893 653 3956 In
673 3893 780 3958 verbis
804 3893 912 3978 etiam,
928 3915 998 3978 quae
1020 3892 1247 3978 imperfectum
1269 3892 1380 3956 aotivae
1396 3892 1484 3956 vocis
1500 3893 1674 3956 anomalu'rs

410 3996 550 4062 formant
573 4009 606 4062 et
628 3997 759 4083 quidem
782 3997 815 4062 in
837 4020 1009 4062 consonam
1026 3996 1187 4076 desinunt,
1205 4019 1339 4082 quorum
1356 3997 1506 4083 exempla
1523 3996 1676 4082 pluscula

411 4124 480 4188 sup.
504 4125 576 4189 pag.
604 4105 675 4184 141,
692 4105 733 4167 42
758 4102 932 4188 proposita,
956 4101 1138 4188 imperfect.
1161 4103 1323 4186 passivum
1353 4101 1519 4179 formatur,
1543 4102 1677 4186 adjecto

411 4220 534 4270 tantum
558 4208 591 4270 in
614 4205 678 4270 fine
701 4228 728 4291 s,
752 4219 788 4269 ut
811 4206 905 4270 activ.
921 4208 984 4290 jay
1007 4206 1114 4284 buadt,
1138 4205 1233 4290 laedit,
1249 4206 1359 4289 troph,
1383 4207 1474 4286 budh,
1497 4207 1677 4291 hdll,faarr

413 4322 486 4396 eto,
509 4312 626 4397 passiv.
651 4313 775 4395 baudts,
800 4312 912 4396 leedte,
935 4311 1062 4394 stropha,
1087 4311 1196 4389 badhe,
1219 4311 1312 4395 holle,
1328 4312 1436 4395 fortas
1460 4324 1520 4376 eto.

498 4416 565 4479 NB.
612 4415 747 4496 Quando
780 4415 909 4500 imperf.
944 4416 1056 4478 activae
1085 4415 1173 4478 vocis
1197 4414 1316 4478 desinit
1338 4415 1372 4478 in
1395 4437 1421 4493 a,
1450 4416 1603 4501 quoniam
1628 4417 1679 4481 sic

412 4521 581 4584 commode
605 4519 767 4606 passivum
791 4519 922 4583 formari
945 4519 1057 4605 nequit
1080 4518 1207 4603 adjecto
1228 4540 1255 4602 a,
1278 4519 1361 4582 solet
1383 4519 1460 4603 imp.
1477 4542 1561 4605 pass.
1579 4522 1679 4586 aliter

413 4627 554 4701 formari,
584 4639 621 4689 ut
644 4625 738 4690 activ.
754 4626 816 4708 jay
840 4626 923 4712 fuas,
947 4649 1030 4712 pass.
1057 4629 1157 4693 tristes
1181 4639 1241 4690 eto.
