3648 5696
380 541 420 600 94
732 542 780 602 Er.
805 543 955 602 Aurivillii
980 545 1177 605 Grammatico
1201 545 1338 605 Svccana.

464 726 692 790 Nominalia
727 740 817 791 sunt
851 729 1153 814 Quadruplicia.

468 851 493 910 l.
540 847 694 924 Gentilia,
718 871 787 932 quae
811 850 946 934 patriam
974 865 1028 913 aut
1051 866 1179 934 gentem
1209 849 1400 935 significant,
1424 847 1656 928 desinuntque

377 958 444 1014 fere
467 952 500 1014 in
524 951 573 1028 sle,
595 965 632 1014 ut
654 953 790 1029 swertela,
799 955 899 1036 finali,
918 954 1097 1037 lifflr't'rtdsla
1114 956 1227 1032 caasa,
1245 954 1325 1037 ipat,
1343 951 1503 1027 hollandt,
1515 947 1657 1030 eaqelst

373 1055 483 1138 peilat,
509 1055 697 1136 frustrabat,
733 1057 888 1121 statuuat
924 1059 1057 1140 sponsis,
1080 1059 1229 1140 supersit,
1253 1057 1380 1122 tartisk
1403 1069 1465 1118 eto.
1491 1075 1570 1117 moa
1596 1050 1658 1112 vel

378 1160 510 1241 quiana.

467 1263 496 1324 2.
542 1259 737 1337 Possessiva,
773 1283 843 1346 quae
877 1265 1114 1347 possessionem
1153 1277 1207 1326 aut
1241 1263 1472 1348 proprietatem
1504 1259 1658 1343 aliquam

380 1375 510 1426 notant:
547 1363 592 1426 sic
621 1364 755 1446 pdwesk
789 1366 933 1446 apricum
957 1367 1126 1448 tdiiserliq
1160 1368 1365 1448 aladijscre;
1390 1363 1611 1446 konuayslr'ph
1640 1385 1661 1422 a

380 1469 527 1550 tonnam
552 1467 722 1549 fadhcrlt'y
757 1491 775 1530 a
800 1470 941 1550 sudhem
975 1470 1148 1552 madherlip
1183 1494 1201 1533 a
1232 1470 1377 1544 meditem
1412 1468 1600 1547 bredherla'p
1641 1487 1662 1526 a

380 1572 514 1636 bredher
522 1591 534 1650 ;
557 1572 708 1654 systerlt'y
729 1594 747 1633 a
771 1578 898 1654 system
921 1574 1026 1654 soaliq
1051 1595 1067 1634 a
1091 1593 1150 1637 son
1174 1585 1233 1635 etc.

467 1673 496 1739 3.
544 1674 805 1756 Denominativa‚
834 1697 891 1759 per
915 1675 1208 1744 denominationem
1233 1674 1392 1754 quandam
1417 1674 1504 1736 facta
1530 1671 1663 1735 additis

381 1779 478 1840 certis
514 1777 812 1852 terminationibus;
842 1778 952 1861 quales
977 1779 1137 1863 praecipue
1164 1792 1239 1841 sunt
1261 1782 1302 1860 tq,
1327 1800 1375 1860 09,
1399 1783 1440 1860 ot,
1464 1799 1504 1841 ert
1527 1775 1585 1838 vel
1612 1778 1664 1856 itt,

380 1883 429 1958 sle,
453 1883 523 1959 bar,
547 1901 629 1957 sam,
653 1881 777 1962 achiam
801 1903 933 1964 quarum
959 1883 1110 1965 exempla
1133 1905 1209 1944 mox
1233 1894 1465 1966 proponentur.

469 1983 637 2046 Interdum
675 1983 868 2046 diminutiva
901 1998 977 2047 sunt
1009 1985 1065 2047 illa
1088 1986 1120 2046 in
1144 1985 1248 2067 aciatis
1271 1983 1371 2060 finita,
1395 1997 1432 2046 ut
1454 1983 1666 2064 trottachtiy,

382 2087 572 2169 branaehtt'p
596 2101 656 2149 etc.

469 2194 499 2254 4.
546 2190 743 2271 Numeralia,
766 2189 958 2275 respectiva,
982 2191 1148 2274 ordinalia,
1164 2205 1201 2253 ut
1215 2191 1296 2254 dhan
1311 2212 1380 2265 eac,
1399 2192 1518 2267 andra,
1535 2189 1669 2254 traditae

382 2295 491 2360 sitirde
525 2307 584 2356 etc.
615 2293 696 2357 dhon
709 2295 828 2376 ferale,
852 2295 963 2376 cedre,
987 2295 1110 2370 trt'dltt‘e,
1126 2295 1234 2377 fic't'rde
1258 2307 1318 2356 etc.
1365 2293 1574 2378 Quamquam
1602 2316 1672 2354 nu-

384 2398 517 2461 meralia
540 2397 686 2460 absoluta
710 2412 845 2481 possunt
868 2398 964 2458 etiarn
989 2398 1168 2482 respectiva
1190 2396 1271 2475 fieri,
1296 2397 1322 2459 si
1340 2397 1428 2460 artic.
1446 2397 1672 2481 respectivus

383 2502 449 2564 illis
484 2501 633 2575 addetum
670 2516 705 2562 ut
737 2501 795 2564 dte
824 2501 897 2575 trud,
921 2501 989 2581 trip}
1004 2501 1090 2583 syra
1111 2507 1306 2578 retinueram·
1329 2502 1410 2566 ates
1430 2523 1493 2565 eno
1517 2501 1673 2579 hortem

383 2605 441 2669 dhe
464 2611 530 2687 tac,
552 2610 615 2687 try,
630 2604 715 2686 syro
737 2604 872 2681 starem
896 2617 956 2666 etc.
980 2604 1037 2667 dhe
1060 2609 1193 2679 turriano,
1216 2609 1330 2669 trainae
1350 2609 1546 2681 retinueram
1564 2607 1675 2685 quia-

384 2729 499 2785 norac‚
523 2709 632 2790 tiaqen
655 2719 717 2770 ete.

874 2894 1162 2958 Pronominale.
1194 2885 1197 2892 ’

472 3055 503 3115 Α
527 3049 775 3136 pronominibus
800 3041 968 3112 descendit
992 3063 1025 3113 et
1047 3064 1191 3113 naturam
1220 3054 1419 3135 pronominis
1436 3055 1507 3116 fere
1526 3056 1681 3133 retinet,

384 3169 422 3219 ut
454 3159 529 3232 min,
565 3157 621 3231 tin,
656 3155 726 3230 stim
749 3155 829 3229 mitt,
853 3155 913 3228 tat,
938 3156 1012 3229 sitt5
1034 3155 1113 3230 casir,
1136 3155 1238 3230 adher,
1262 3155 1379 3220 theras.
1428 3157 1478 3219 De
1504 3181 1575 3242 quo
1604 3161 1679 3223 sub

385 3260 457 3344 ipso
482 3257 674 3344 pronomine
699 3278 742 3318 ex
765 3255 913 3340 professo
937 3256 1052 3340 agitur.

884 3493 888 3502 '
928 3493 1116 3558 Verbale.

474 3651 568 3732 Quod
604 3674 622 3713 a
644 3651 752 3714 verbis
776 3649 951 3727 derivatur,
976 3648 1093 3711 additis
1117 3651 1211 3712 certis
1235 3651 1427 3735 quibusdam
1454 3657 1689 3724 terminatio-

386 3757 496 3832 nibus3
532 3778 667 3840 quarum
703 3754 866 3839 praecipue
901 3766 975 3814 sunt
1009 3773 1089 3830 scm,
1123 3754 1176 3836 iay,
1200 3775 1237 3818 ert
1260 3757 1311 3818 vel
1336 3759 1380 3840 iu,
1405 3758 1527 3842 achtip,
1554 3764 1623 3847 sle,-
1647 3782 1691 3829 ut

388 3873 462 3946 post
485 3881 527 3922 ex
551 3858 708 3943 exemplis
732 3856 868 3942 patebit.

805 4144 812 4154 ἣ
884 4059 1161 4146 Participiale.

475 4219 570 4299 Quod
595 4242 613 4282 a
636 4216 815 4304 participiis
839 4215 1011 4278 verborum
1046 4217 1212 4280 descendit
1235 4232 1268 4282 et
1290 4221 1360 4285 fere
1384 4225 1470 4290 nihil
1497 4232 1603 4299 aliud
1627 4260 1703 4321 est,

387 4349 483 4414 quam
520 4324 628 4409 ipsum
663 4320 867 4406 participium
892 4319 1026 4402 passivae
1047 4319 1099 4381 vel
1123 4321 1233 4383 activae
1254 4325 1352 4388 vocis.
1400 4329 1486 4414 Ejus
1514 4343 1706 4409 termina-

387 4433 504 4503 tiones,
527 4429 550 4492 d
572 4447 689 4511 purum
713 4423 765 4485 vel
789 4423 965 4506 impurum,
988 4422 1041 4483 vel
1063 4423 1113 4498 dh,
1137 4445 1175 4488 ert
1197 4426 1249 4487 vel
1275 4429 1320 4502 t'rt,
1344 4436 1356 4492 t
1381 4454 1504 4516 purum
1534 4445 1602 4508 vel
1633 4449 1708 4514 irn-

388 4557 505 4620 purum
541 4533 629 4615 (quae
653 4528 762 4590 omnia
786 4549 828 4588 ex
851 4525 1030 4609 participiis
1054 4526 1186 4609 passivae
1209 4531 1297 4592 vocis
1321 4536 1493 4624 veniunt),
1521 4546 1589 4625 dm
1621 4577 1712 4639 quae

388 4652 439 4701 est
461 4634 649 4699 terminatio
674 4631 909 4715 adjectivorum
934 4651 976 4692 ex
1000 4630 1176 4715 participiis
1201 4633 1326 4719 activis,
1345 4659 1492 4722 quorum
1519 4664 1717 4748 exempla
1795 4619 1796 4641 r

390 4742 488 4808 etiam
512 4737 703 4802 adferantur
726 4747 849 4822 postea.
