3674 5694
686 475 787 534 Prima
810 473 988 533 Declinatio.
1431 475 1471 538 53

294 659 510 723 Accusativus
545 669 578 722 et
600 657 766 722 vocativus
790 657 957 744 utriusque
981 657 1109 721 numeri
1131 668 1168 720 ut
1190 678 1318 742 semper
1333 656 1388 740 (de
1404 679 1468 742 quo

208 786 277 848 sup.
303 786 374 848 pag.
400 765 453 845 39,
476 765 531 846 40)
555 763 601 826 ita
624 775 657 826 et
679 761 733 826 hie
755 762 877 825 similes
902 773 977 825 sunt
998 761 1207 826 nominativo.
1436 744 1438 750 ,

294 869 431 931 Dativus
466 881 499 931 et
532 868 691 931 ablativus
726 866 860 952 pluralis
895 865 1048 929 desinunt
1081 865 1114 926 in
1149 886 1209 943 om,
1240 864 1279 926 de
1303 888 1367 950 quo
1391 865 1468 928 satis

200 991 304 1056 ¹supra
327 993 401 1056 pag.
425 971 466 1035 49
491 984 524 1035 et
547 994 647 1058 seqq,
669 970 726 1033 ubi
749 969 961 1055 exceptiones
984 969 1080 1032 variae
1104 968 1286 1053 propositae.
1398 959 1402 962 ’

651 1177 679 1242 1.
722 1174 1018 1256 Paradigmata

673 1297 999 1361 Masculinorum.

296 1403 332 1465 ln
357 1423 389 1466 a.
435 1402 511 1466 Vid.
534 1425 604 1487 sup.
628 1423 700 1488 pag.
725 1402 777 1464 31.
1018 1401 1056 1464 Ιη
1080 1423 1104 1464 e.

280 1503 371 1558 Flexio
389 1504 537 1574 Antiquior.
680 1501 830 1556 Recentior.
937 1501 1029 1555 Flexio
1047 1501 1196 1570 Antiquior.
1278 1501 1429 1556 Recentior.

298 1591 386 1676 Sing.
1021 1588 1111 1672 Sing.

113 1697 117 1704 '
210 1695 306 1758 Nom.
330 1717 367 1758 aa
389 1694 515 1759 bucata
639 1692 765 1756 haustu
933 1714 971 1756 eu
984 1693 1111 1775 frct'ade
1230 1695 1357 1779 fraude

211 1796 318 1861 Genit.
343 1819 399 1862 eas
421 1795 567 1861 banalas
640 1795 785 1859 banalas
932 1815 988 1858 aas
1001 1794 1145 1876 fraudes
1229 1797 1372 1881 fraudes

211 1901 283 1964 Dat.
309 1921 398 1964 ecem
420 1897 541 1963 buaslte
641 1896 712 1960 sim.
734 1919 820 1960 nom.
933 1918 1023 1961 enom
1035 1896 1167 1978 sadada
1238 1899 1308 1962 sim.
1332 1921 1418 1962 ηοω.

210 2005 330 2067 Aecus.
353 2001 585 2068 casimnom.
641 1999 712 2062 sim.
735 2022 823 2063 ηοω.
933 2001 1003 2062 sim.
1029 2021 1114 2061 nom.
1238 2001 1307 2066 sim.
1333 2023 1418 2062 ηοω.

213 2105 325 2168 Vocat.
350 2105 421 2168 sim.
444 2125 530 2165 nom.
641 2101 712 2164 sim.
738 2125 823 2166 nom.
933 2101 1002 2164 sim.
1028 2125 1115 2166 nom.
1239 2103 1310 2167 sim.
1335 2124 1457 2164 nom.-

211 2207 288 2271 Abl.
311 2208 361 2290 aff
380 2226 469 2271 auom
491 2203 611 2268 hunsle
642 2203 712 2268 sim.
737 2227 822 2268 nom.
932 2206 973 2289 as
985 2205 1204 2287 ottomsrt't‘ude
1239 2205 1310 2268 sim.
1335 2227 1421 2266 nom.

298 2327 386 2391 Plur.
926 2311 929 2314 .
1019 2325 1107 2389 Plur.

211 2431 306 2494 Nom.
329 2429 476 2493 banchor
641 2431 786 2495 buaslcur
924 2429 1070 2512 frauder
1235 2432 1376 2514 frauder

212 2533 293 2597 Gen.
316 2531 479 2596 hanelare
641 2533 805 2598 hanelare
925 2533 1088 2617 fraudere
1107 2533 1182 2617 (du)
1230 2534 1398 2617 fraudere

212 2636 284 2698 Dat.
308 2633 464 2699 bartolum
643 2635 713 2699 sim.
738 2657 824 2696 nom.
930 2635 1086 2714 freindom
1242 2636 1313 2698 sim.
1339 2659 1424 2698 nom.

130 2731 133 2738 ’
212 2739 330 2799 Aecus.
356 2735 427 2799 sim.
451 2757 536 2798 nom.
644 2738 714 2802 sim.
739 2760 825 2802 ηοω.
935 2738 1007 2802 sim.
1031 2760 1118 2800 nom.
1242 2739 1313 2802 sim.
1338 2760 1422 2801 ηοω.

212 2839 326 2901 Vocat.
351 2837 422 2900 sim.
446 2861 532 2900 nom.
643 2841 713 2902 sim.
738 2863 824 2903 nom.
935 2841 1006 2904 sim.
1032 2864 1117 2904 nom.
1242 2843 1312 2904 sim.
1337 2864 1423 2903 ηοω.

212 2940 323 3003 Ablat.
349 2939 420 3002 sim.
445 2940 555 3003 dativo
643 2943 712 3004 sim.
737 2965 823 3004 nom.
936 2945 1007 3007 sim.
1031 2966 1117 3006 nom.
1242 2943 1313 3006 sim.
1338 2965 1423 3004 nom.

298 3043 373 3106 Not.
420 3043 538 3106 Melius
573 3043 656 3106 forte
687 3046 783 3128 juxta
817 3045 970 3129 quasdam
1007 3046 1156 3109 meliores
1186 3046 1342 3108 dialectos
1366 3045 1474 3107 omnia

211 3149 300 3210 istaec
333 3143 520 3224 masculina,
555 3170 625 3232 quae
660 3171 744 3233 saepe
779 3149 962 3212 scribuntur
997 3172 1055 3234 per
1088 3171 1119 3232 a,
1143 3149 1283 3213 scribere
1307 3171 1366 3234 per
1388 3172 1414 3224 e,
1439 3162 1475 3211 ut

212 3273 332 3338 genera
355 3273 472 3314 vocum
496 3251 641 3314 exactius
665 3251 899 3316 discernantur.

298 3355 366 3418 NB.
414 3355 494 3418 Cum
518 3378 582 3418 non
605 3355 709 3419 solum
734 3380 776 3419 ex
799 3379 895 3442 supra
919 3358 1013 3420 dictis
1036 3358 1068 3420 in
1087 3379 1206 3441 genere
1231 3357 1317 3442 (pag.
1342 3357 1393 3432 36,
1418 3358 1475 3441 37)

213 3459 269 3522 sed
305 3459 401 3520 etiam
437 3481 478 3520 ex
511 3460 685 3544 propositis
714 3463 782 3544 jam
818 3461 1102 3545 paradigmatibus,
1137 3472 1265 3532 constet
1297 3460 1475 3523 secundum

213 3577 382 3648 utramque
398 3561 573 3625 flexionem
591 3564 808 3626 accusativum
830 3577 863 3627 et
878 3579 982 3628 vocat.
1004 3587 1132 3649 semper
1148 3563 1270 3626 similes
1287 3587 1357 3626 esse
1374 3565 1476 3626 nomi-

213 3679 289 3744 nat,
314 3667 457 3730 dativum
492 3689 569 3730 vero
604 3681 638 3733 et
672 3667 849 3731 ablativum
886 3690 1014 3754 semper
1042 3691 1112 3730 esse
1136 3667 1258 3730 similes
1282 3668 1315 3730 in
1338 3681 1475 3753 utroque

214 3793 358 3854 numer0,
371 3771 445 3833 ideo
462 3769 501 3832 ad
514 3771 664 3833 inutilem
683 3772 904 3855 prolixitatem
921 3771 1096 3847 vitandam,
1109 3771 1142 3834 in
1159 3771 1370 3856 sequentibus
1386 3795 1476 3856 para-

214 3875 411 3960 digmatibus
434 3875 572 3960 genitivi
595 3887 731 3952 tantum,
755 3876 856 3940 dat-ivi
880 3889 913 3939 et
928 3875 1103 3939 accusativi
1126 3875 1159 3937 in
1186 3887 1324 3959 utroque
1341 3897 1476 3943 numero

214 3977 390 4041 flexionem
414 4001 626 4063 exponemus.
1258 3985 1262 3990 ’
1376 4051 1377 4054 ¹

301 4082 338 4144 In
362 4085 375 4146 η’
395 4083 449 4144 vel
472 4083 498 4162 iq·
524 4083 737 4146 masculinum
754 4085 881 4147 nullum
897 4083 1058 4168 reperitur
1070 4083 1151 4166 (vid.
1167 4105 1237 4168 sup.
1255 4105 1329 4168 pag.
1343 4083 1395 4157 33,
1408 4083 1477 4167 45).

299 4185 388 4250 Ino.
1033 4186 1069 4249 ln
1094 4187 1125 4252 ἅ.

286 4285 376 4340 Flexio
394 4288 544 4358 Antiquior.
690 4287 838 4342 Recentior.
951 4287 1042 4342 Flexio
1060 4289 1210 4359 Antiquior.
1287 4287 1435 4342 Recentior.

304 4373 393 4459 Sing.
991 4449 993 4452 Ι
1031 4375 1120 4461 Sing.

217 4475 313 4540 Nom.
336 4499 375 4542 ca
397 4477 473 4542 stoa
651 4501 689 4544 eu
712 4479 787 4542 sloo
944 4501 984 4544 ea
1005 4479 1068 4544 οᾶἅ
1104 4524 1106 4530 -
1246 4503 1284 4545 ea
1307 4480 1369 4544 οάἅ

217 4576 325 4642 Genit.
349 4578 443 4644 slooa
651 4582 745 4647 cbaos
944 4583 1026 4646 εᾶᾰε
1245 4569 1328 4646 scius

219 4680 336 4758 Datin,
361 4682 438 4747 Abl.
463 4684 538 4750 stoc
651 4686 727 4750 alteo
945 4686 1007 4749 salci
1112 4680 1115 4685 ’
1175 4687 1177 4691 ’
1246 4685 1308 4748 3ᾰᾶ
1362 4710 1365 4716 ·

215 4785 614 4865 Aecus.,Voc.sim.nom.
651 4787 722 4853 sim.
746 4809 833 4857 nom.
944 4788 1014 4858 sim.
1038 4809 1127 4858 ηοω.
1245 4787 1316 4858 sim.
1340 4808 1426 4857 ηοω.
