3674 5694
346 467 388 524 60
674 464 723 524 Er.
747 463 900 523 Aurivillii
923 463 1119 524 Grammatieu
1142 455 1281 522 Sveeane.

431 647 469 710 In
491 668 511 712 a
533 647 586 710 vel
610 651 651 712 la.
1158 646 1197 710 In
1221 669 1249 712 a.

433 752 522 838 Sing.
1158 748 1246 814 Plur.

346 854 441 919 Nom.
465 855 567 921 alcuna
780 854 883 918 staua
1072 852 1216 917 alcanaar
1374 854 1518 918 eleazar

346 956 426 1021 Gen.
450 957 553 1023 sluaa
779 956 882 1020 staua
1073 955 1234 1020 skaaaars
1373 955 1536 1020 sluuaars

346 1059 432 1142 Dea,
456 1060 532 1123 Abl.
557 1060 676 1124 alume
780 1057 852 1121 sim.
874 1080 960 1121 nom.
1070 1057 1224 1123 skauaom
1374 1058 1444 1120 sim.
1468 1077 1554 1117 nom.

345 1163 436 1244 Ace,
460 1161 539 1226 Voo.
571 1162 640 1226 sim.
657 1185 744 1228 nom.
780 1161 850 1224 eim.
874 1183 958 1226 nom.
1070 1159 1141 1226 sim.
1163 1182 1247 1223 nom.
1374 1161 1444 1223 sim.
1468 1180 1555 1220 nom.

758 1453 981 1517 Masculina
1004 1453 1206 1518 Anomala.

434 1626 515 1691 Sunt
538 1639 646 1691 autem
669 1628 815 1691 anomala
838 1627 891 1690 vel
913 1627 947 1689 in
970 1627 1115 1711 genitivo
1140 1628 1304 1712 singulari,
1321 1651 1391 1713 quae
1408 1653 1480 1692 aum
1497 1652 1606 1693 aarum

346 1730 537 1815 regulariter
571 1754 634 1793 non
659 1730 809 1808 formant,
833 1741 869 1793 ut
891 1729 1128 1793 desinentiam
1152 1753 1178 1806 a,
1203 1732 1235 1795 iu
1258 1753 1289 1808 a,
1312 1732 1346 1794 in
1369 1754 1397 1797 a.
1445 1733 1608 1818 Exempla

341 1835 409 1918 jam
435 1857 530 1920 supra
552 1833 605 1897 hic
628 1834 794 1919 proposita
817 1832 896 1912 (vid.
922 1833 1019 1896 etiam
1044 1856 1114 1919 sup.
1138 1856 1210 1919 pag.
1235 1835 1301 1914 38).

431 1938 470 2002 In
495 1937 604 2000 dativo
628 1949 661 2001 et
684 1936 746 2000 abl.
771 1937 864 2022 sing„
878 1959 947 2022 quae
970 1937 1044 2000 illos
1069 1960 1159 2000 casus
1175 1961 1239 2000 non
1257 1937 1398 2001 formant
1413 1939 1609 2024 regulariter

345 2041 378 2104 in
399 2063 425 2124 e,
448 2041 505 2104 aad
529 2041 562 2103 in
585 2043 607 2115 ὁ,
631 2052 668 2104 ut
692 2039 797 2124 Gaul,
823 2039 942 2124 Gadtt,
964 2043 1016 2124 aff
1036 2039 1145 2106 &aaut
1168 2046 1255 2126 (pag.
1280 2043 1346 2122 39).

433 2145 471 2207 ln
505 2144 707 2208 nominativo
741 2143 870 2230 plurali,
905 2166 975 2228 quae
1009 2143 1136 2206 literam
1161 2156 1234 2207 ante
1257 2167 1298 2209 ar
1320 2146 1542 2230 interponunt,
1572 2155 1610 2207 ut

347 2249 528 2312 desinentia
550 2249 626 2333 inf
650 2248 801 2334 simplex.
847 2247 901 2342 Sic
923 2247 1019 2332 tinus,
1043 2245 1096 2310 hie
1119 2270 1188 2333 sup.
1212 2249 1295 2334 plur.
1319 2250 1453 2332 tiafwar
1468 2250 1492 2328 ¹)
1516 2247 1608 2324 (Vid.

346 2375 418 2437 sup.
441 2374 514 2438 pag.
539 2354 606 2432 43).
651 2351 715 2416 Vel
741 2339 953 2436 interponunt
975 2352 988 2415 a'
1010 2362 1083 2413 ante
1107 2372 1148 2415 ar
1171 2365 1206 2414 ut
1229 2355 1321 2434 stirap,
1344 2354 1501 2434 eringium
1524 2352 1609 2417 brial

348 2455 486 2521 tuatim
509 2456 591 2540 (vid.
616 2478 686 2541 sup.
710 2477 783 2541 pag.
809 2455 911 2539 citat).

434 2558 498 2623 Vel
522 2559 648 2622 elidunt
670 2581 700 2634 a,
725 2571 762 2621 ut
783 2559 941 2640 laetamur,
965 2557 1048 2642 plur.
1073 2557 1207 2620 kamrar
1231 2571 1292 2620 etc.

434 2662 498 2727 Vel
522 2663 648 2725 elidunt
667 2685 693 2741 e,
717 2675 754 2725 nt
775 2661 891 2744 spegel,
919 2660 1066 2744 arreptum
1088 2659 1223 2744 stbfwel
1248 2661 1407 2744 elefantum
1430 2667 1524 2744 ulter,
1548 2667 1610 2726 utt-

346 2788 406 2832 rar
429 2778 490 2830 ete.

434 2868 498 2933 Vel
522 2867 649 2930 elidunt
671 2887 700 2942 0,
724 2877 760 2928 ut
783 2866 894 2948 afflata,
917 2867 1042 2950 afflatur
1064 2877 1125 2929 ete.

433 2973 498 3037 Vel
522 2971 702 3046 eliduntur,
726 2981 763 3032 ut
784 2969 928 3047 wddhur,
951 2969 1105 3034 waidhrar
1128 2987 1189 3031 ete.

435 3077 483 3139 De
504 3074 621 3160 quibua
645 3072 794 3136 omnibus
817 3070 873 3134 vid
897 3095 966 3157 sup.
988 3093 1061 3156 pag.
1078 3073 1131 3150 43,
1154 3070 1207 3134 44.

796 3345 828 3409 2.
873 3342 1162 3424 Paradigmata

822 3498 1137 3564 Femininorum.

437 3657 474 3719 tn
498 3657 528 3720 u.
916 3687 920 3690 -
1163 3651 1201 3715 tn
1215 3652 1248 3733 f.

420 3757 511 3811 Flexio
529 3756 678 3826 Antiquior.
824 3755 973 3810 Recentior.
1084 3753 1176 3807 Flexio
1193 3752 1343 3822 Antiquior.
1419 3750 1569 3803 Recentior.

438 3847 528 3931 Sing.
1166 3840 1254 3923 Sing.

350 3949 446 4013 Nom.
470 3948 595 4021 strand,
619 3947 717 4011 alredlt
787 3946 903 4012 strand
1078 3943 1162 4026 aleef
1381 3942 1464 4026 aleef

351 4050 431 4114 Gen.
455 4051 587 4114 stranda
786 4048 919 4112 stranda
1079 4046 1176 4128 sleefs
1381 4044 1478 4126 sleess

351 4153 436 4236 Dat,
458 4151 535 4215 Abl.
559 4153 676 4216 strand
788 4148 858 4212 sim.
883 4171 969 4212 nom.
1080 4149 1151 4211 sim.
1177 4169 1263 4210 nom.
1383 4145 1456 4212 sim.
1478 4168 1565 4208 nom.

351 4254 442 4332 Aee,
462 4252 542 4317 Voe.
571 4253 641 4316 sim.
665 4273 750 4317 nom.
788 4250 858 4314 sim.
883 4272 967 4312 nom.
1078 4250 1149 4313 aim.
1173 4271 1258 4311 nom.
1383 4248 1453 4314 aim.
1478 4271 1566 4312 nom.

424 4497 444 4562 ¹)
463 4499 533 4548 Item
562 4497 688 4560 quadam
716 4496 826 4544 literam
853 4495 1036 4557 interponunt
1063 4496 1094 4541 ut
1120 4492 1150 4540 in
1174 4451 1253 4554 tiults
1268 4505 1328 4554 sup.
1353 4491 1406 4552 hie,
1435 4493 1492 4542 dat.
1512 4491 1617 4558 ttafwe.

352 4589 385 4636 In
411 4584 436 4637 el
462 4587 542 4638 finita
569 4584 695 4652 quedam
723 4579 739 4632 b
761 4583 953 4648 interponunt,
973 4585 1004 4630 ut
1021 4575 1134 4638 limmat,
1153 4574 1276 4636 timetur,
1297 4593 1353 4629 aee.
1371 4575 1480 4642 hamata,
1500 4581 1558 4631 dat.
1579 4583 1619 4648 pl.

351 4672 482 4731 timeum.
