3674 5694
685 549 733 608 ΕΓ.
760 550 910 610 Aurivillii
934 551 1130 613 Grammatica
1154 555 1292 614 Svecana.

446 731 522 797 Not.
568 732 704 798 Possent
739 735 883 798 fortassis
919 737 937 800 5
969 735 1201 800 declinationes
1230 739 1328 802 statui
1351 749 1480 824 sumpto
1504 737 1618 802 funda-

360 847 468 898 mento
492 859 534 898 ex
558 836 684 900 diversa
707 838 933 902 terminatione
957 839 1148 902 nominativi
1171 841 1304 925 pluralis
1323 844 1356 927 1)
1373 843 1615 906 Femininorum

359 939 392 1002 iu
421 962 442 1004 a
466 940 693 1016 desinentium,
717 965 786 1027 quae
810 965 894 1006 nom.
919 943 1001 1027 plur.
1026 943 1147 1006 faciunt
1169 945 1202 1006 in
1226 965 1282 1024 or;
1306 949 1341 1024 2)
1364 945 1483 1009 Partim
1509 969 1615 1022 masc,

360 1043 476 1128 partim
500 1043 575 1108 fem.
605 1067 690 1108 nom.
714 1047 798 1131 plur.
822 1045 1009 1110 facientium
1033 1047 1066 1109 in
1090 1067 1149 1126 ar,·
1172 1049 1208 1131 3)
1232 1049 1352 1112 Partim
1378 1049 1617 1135 masc.,partim

360 1147 472 1210 femin.
498 1171 582 1211 nom.
607 1149 650 1234 pl.
675 1148 863 1212 facientium
888 1149 921 1212 in
945 1170 995 1228 et·;
1018 1153 1052 1232 4)
1076 1163 1263 1215 neutrorum
1288 1153 1443 1231 omnium,
1467 1177 1553 1218 nom.
1574 1155 1618 1239 pl.

359 1250 547 1314 habentium
583 1251 721 1314 similem
755 1275 840 1319 nom.
876 1253 1042 1338 singulari,
1076 1254 1109 1317 in
1144 1254 1204 1318 hac
1233 1255 1483 1320 declinationum
1505 1257 1617 1321 forma.

361 1356 395 1437 5)
427 1355 624 1419 Neutrorum
661 1356 804 1419 omnium
838 1355 871 1418 in
906 1359 1049 1420 vocalem
1073 1357 1300 1438 desinentium,
1330 1383 1400 1444 quae
1424 1384 1509 1424 nom.
1536 1361 1618 1446 plur.

363 1458 503 1522 formant
527 1459 653 1543 adjecto
676 1481 698 1524 a
721 1459 760 1522 ad
784 1460 979 1545 singularem
1005 1461 1044 1523 de
1068 1484 1131 1546 quo
1155 1463 1372 1547 cogitandum.

448 1561 518 1627 NB.
563 1562 642 1626 Haec
670 1563 849 1648 posteriore
874 1563 1085 1628 meditatione
1109 1579 1262 1642 correcta,
1287 1579 1320 1630 et
1343 1568 1361 1630 6
1385 1566 1619 1631 declinationes

364 1666 487 1752 positae,
517 1678 554 1730 ut
575 1667 633 1730 inf.
657 1678 748 1753 patet
771 1689 842 1753 pag.
865 1669 917 1731 40.

534 1924 564 1986 2.
611 1922 665 1985 De
689 1923 1040 1988 Declinationibus
1063 1924 1213 1988 Formae
1237 1924 1454 1990 Absolutae.

450 2077 567 2142 Forma
601 2079 747 2143 absoluta
781 2091 830 2143 est
861 2079 1028 2143 nominum
1057 2079 1329 2144 substantivorum
1353 2081 1386 2145 in
1410 2101 1506 2144 sensu
1529 2080 1620 2143 inde-

363 2181 466 2260 finito,
495 2203 552 2246 seu
587 2182 749 2259 absolut03
774 2183 901 2269 quando
926 2183 1116 2269 simpliciter
1140 2197 1173 2248 et
1196 2185 1341 2248 absolute
1366 2207 1415 2248 res
1439 2185 1546 2270 aliqua
1569 2184 1622 2246 de·

364 2285 518 2369 signatur,
541 2285 660 2372 absque
683 2302 832 2372 respectu
856 2286 896 2350 ad
919 2310 986 2350 rem
1009 2287 1114 2364 aliam,
1132 2300 1187 2350 aut
1203 2289 1350 2352 accidens
1368 2289 1496 2374 aliquod
1514 2289 1621 2372 ejusce

363 2389 426 2452 rei:
462 2401 497 2452 ut
530 2411 614 2466 matt,
648 2393 779 2472 quiana,
804 2393 879 2472 tiraq.
925 2391 969 2454 Et
991 2391 1074 2454 solet
1097 2391 1287 2477 plerumque
1311 2392 1350 2455 ad
1375 2393 1542 2456 meliorem
1567 2414 1622 2454 ex·
1705 2438 1707 2443 -

364 2492 562 2578 pressionem
585 2516 622 2556 ac
645 2493 884 2556 distinctionem
909 2494 1114 2578 praepositum
1139 2494 1257 2557 habere
1283 2495 1451 2559 articulum
1475 2495 1622 2558 indefini-

365 2609 433 2660 tum
458 2619 514 2660 seu
539 2596 735 2660 absolutum:
759 2610 795 2660 ut
818 2620 855 2662 en
877 2619 962 2681 maa,
986 2620 1023 2662 ea
1045 2601 1176 2680 quiana,
1200 2605 1241 2663 etl
1263 2602 1339 2681 tiap.

496 2699 548 2762 De
572 2700 827 2764 Formatione
852 2701 1018 2765 Casuum
1043 2702 1080 2764 in
1103 2701 1171 2764 hac
1194 2702 1351 2766 Forma:

452 2803 505 2866 De
528 2803 786 2867 Nominativo
810 2803 1026 2890 Singulari.

453 2907 484 2970 ls
509 2923 558 2970 est
580 2908 686 2992 ipsum
710 2929 837 2990 nomen,
860 2907 894 2969 in
918 2930 981 2992 quo
1001 2906 1100 2970 flexio
1117 2907 1205 2970 nulla
1222 2906 1319 2971 habet
1334 2908 1451 2982 locum,
1469 2909 1525 2972 sed
1542 2909 1623 2972 illud

366 3023 478 3096 postea
502 3034 559 3096 per
582 3023 686 3074 certos
711 3033 801 3074 casus
825 3011 912 3074 varie
936 3009 1085 3078 flectitur.

453 3115 508 3176 De
533 3115 723 3178 Genitivo
748 3113 968 3198 Singulari.

455 3217 503 3280 De
532 3219 601 3303 ejus
624 3217 766 3280 flexione
790 3218 955 3302 superiore
980 3219 1084 3303 capite
1108 3219 1267 3304 generalis
1291 3217 1408 3280 tradita
1431 3231 1481 3280 est
1503 3217 1625 3301 regula,

368 3345 437 3408 quae
472 3321 568 3384 etiam
603 3320 635 3382 in
670 3320 728 3383 hac
756 3321 859 3383 forma
881 3321 987 3384 locum
1012 3321 1118 3400 babet,
1143 3344 1259 3406 nempe
1283 3322 1369 3406 quod
1393 3321 1549 3384 formetur
1573 3319 1625 3383 hic

369 3425 495 3510 adjecto
519 3436 642 3487 tantum
666 3445 683 3489 s
704 3423 742 3487 ad
766 3425 999 3488 nominativum
1023 3425 1120 3510 idque
1144 3425 1176 3488 in
1200 3437 1335 3510 utroque
1353 3447 1505 3508 numam,
1533 3437 1569 3486 ut
1592 3425 1624 3486 in

369 3528 524 3616 singulari
558 3551 642 3592 nom.
677 3549 762 3605 moa,
786 3549 858 3612 gen.
884 3549 996 3606 maus;
1030 3551 1114 3592 nom.
1153 3531 1284 3610 quiana,
1314 3551 1387 3614 gen.
1410 3530 1551 3610 quiracus
1573 3528 1625 3590 vel

368 3635 520 3718 quiuuos;
544 3654 627 3694 nom.
652 3633 729 3714 tiraq,
755 3653 827 3715 gen.
852 3634 946 3714 tinus.
993 3631 1031 3694 In
1054 3631 1170 3716 plurali
1186 3655 1271 3697 nom.
1289 3637 1430 3706 mduuer,
1448 3631 1500 3694 vel
1515 3636 1625 3713 mina,

368 3759 441 3822 gen.
465 3740 626 3809 manners,
650 3737 702 3798 vel
725 3741 860 3814 metuam
883 3737 1128 3817 nomquiuaor,
1152 3757 1225 3820 gen.
1249 3739 1422 3819 anteriora
1446 3757 1530 3798 nom.
1546 3737 1623 3818 tica,

369 3862 442 3925 gen.
465 3843 561 3922 ticos.
1636 3853 1638 3857 “

454 3943 530 4007 Not.
576 3943 766 4006 Desinantia
799 3943 832 4005 in
862 3963 889 4018 s,
918 3963 941 4007 a
970 3954 1002 4004 et
1030 3963 1049 4006 a
1079 3965 1143 4006 non
1167 3943 1290 4007 addunt
1313 3964 1329 4008 s
1353 3943 1391 4006 ad
1416 3965 1500 4006 nom.
1550 3941 1625 4005 Vid.

368 4047 453 4109 infra
476 4067 547 4131 pag.
572 4047 621 4111 60.

454 4149 508 4212 De
532 4149 677 4212 Dativo
701 4162 739 4211 et
761 4147 961 4212 Ablativo
986 4146 1206 4233 Singulari.

455 4252 537 4317 Sunt
560 4252 645 4316 enim
669 4251 702 4314 hi
726 4274 827 4328 casus,
851 4263 1006 4336 utsupra
1029 4273 1156 4337 quoque
1180 4253 1213 4315 in
1236 4275 1354 4337 genere
1380 4251 1501 4314 dictum
1518 4251 1551 4313 in
1567 4250 1627 4314 lrac

367 4357 480 4435 forma,
505 4377 633 4442 semper
656 4355 794 4418 similes:

454 4459 566 4540 Quoad
590 4459 675 4524 hunc
699 4481 806 4522 casum
830 4480 946 4543 magna
969 4459 1106 4522 varietas
1131 4460 1235 4522 estin
1260 4459 1371 4543 lingua
1394 4470 1513 4521 nostra.
1551 4457 1627 4524 Etc-

367 4565 433 4628 nim
468 4587 533 4627 non
568 4586 678 4627 omnes
707 4584 803 4626 voces
833 4563 866 4625 in
899 4562 987 4626 hisce
1012 4564 1136 4627 casibus
1160 4563 1335 4626 flexionem
1360 4563 1545 4639 admittunt,
1570 4561 1627 4624 sed

367 4669 528 4764 pleraeque
552 4668 679 4747 (saltem
703 4667 808 4755 quoad
832 4667 1084 4759 frequentiorem
1110 4676 1217 4754 usum)
1242 4666 1462 4763 cujuscunque
1477 4666 1627 4740 termina-
