3674 5694
720 509 763 566 De
788 509 1013 584 Orthographie.
1475 509 1494 565 9

237 696 328 758 velut
361 693 620 779 pronunciationi
644 707 781 777 receptae
810 696 950 758 maxime
974 695 1215 758 accommodata
1243 707 1292 758 est
1315 695 1495 779 retinenda,

237 813 269 862 et
292 799 485 884 diphthongi
509 798 676 881 ejusmodi.
692 799 725 860 in
749 798 859 883 lingua
883 799 1012 862 Suetica
1036 799 1256 884 agnoscendae.
1273 801 1296 873 ¹)

322 903 351 965 N
357 903 390 965 B.
437 903 485 966 De
503 903 668 964 literarum
683 916 788 965 autem
807 905 951 966 omniurn
968 927 1004 966 ac
1020 903 1219 987 singularum
1236 917 1301 965 tarn
1319 925 1495 966 consonan-

237 1009 317 1070 tium
356 1029 451 1091 quam
487 1007 647 1069 vocalium
681 1006 712 1068 in
747 1005 825 1090 ipsis
860 1007 992 1070 vocibus
1033 1007 1300 1091 pronunciatione
1341 1019 1374 1069 et
1406 1019 1496 1070 recta

235 1135 350 1174 vocum
385 1111 542 1194 scriptura
570 1110 731 1195 plusculas
762 1111 987 1173 meditationes
1021 1125 1116 1196 atque
1140 1111 1267 1195 regulas
1292 1111 1494 1194 consignatas

234 1214 348 1290 habe0,
384 1214 544 1298 exemplis
579 1213 717 1298 copiosis
748 1213 932 1290 illustratas,
956 1237 1026 1298 quae
1051 1215 1229 1298 peregrinis
1254 1214 1431 1298 praesertim
1456 1215 1495 1278 ad

235 1318 353 1402 linguas
381 1316 531 1381 Suecanae
567 1316 866 1402 pronunciationem
896 1317 1022 1379 facilius
1046 1318 1229 1402 certiusque
1254 1318 1494 1403 percipiendam

235 1422 306 1484 usui
342 1443 411 1484 esse
446 1433 588 1505 possent,
627 1421 682 1482 sed
718 1443 770 1482 eas
800 1442 885 1482 nunc
908 1420 1045 1505 publicae
1069 1421 1149 1483 lueis
1173 1421 1280 1484 facere
1307 1421 1411 1484 visum
1430 1445 1494 1484 non

234 1537 293 1600 est,
329 1540 395 1586 turn
432 1545 472 1586 ne
507 1523 567 1586 hoc
601 1524 739 1608 primum
770 1523 994 1608 grammatices
1030 1523 1181 1586 Suecanae
1212 1525 1430 1586 rudimentum
1461 1525 1493 1588 in

235 1628 364 1690 nimiam
401 1628 620 1712 prolixitatem
655 1639 867 1700 excresceret,
902 1640 968 1688 tum
1005 1641 1040 1688 ut
1074 1628 1201 1710 regulas
1224 1641 1348 1690 nostras
1374 1629 1495 1691 exami-

161 1797 164 1800 ,
235 1733 332 1795 nandi
356 1733 493 1816 amplius
518 1732 660 1816 spacium
686 1731 886 1794 haberemus.

319 1837 371 1900 Ex
394 1836 464 1899 istis
487 1835 587 1919 igitur
611 1835 723 1907 literis,
748 1835 808 1896 rite
833 1834 1063 1918 pronunciatis,
1086 1846 1237 1919 recteque
1252 1835 1337 1898 inter
1353 1858 1386 1898 se
1399 1837 1493 1920 junc-

234 1939 284 2016 tis,
309 1962 420 2002 ornnes
444 1940 476 2002 in
498 1939 609 2023 lingua
623 1937 752 2001 Suetius
775 1937 906 2021 syllabae
924 1950 1161 2022 componuntur
1178 1951 1273 2023 atque
1291 1961 1333 2001 ex
1349 1939 1494 2023 syllabis,

233 2057 269 2106 ut
293 2055 431 2129 oportet,
456 2043 621 2117 connexis,
645 2043 778 2127 integrae
803 2042 948 2104 existunt
971 2063 1067 2104 voees
1091 2063 1148 2105 seu
1172 2043 1341 2106 dictiones.

321 2147 373 2210 Ad
409 2145 670 2230 orthographiam
702 2167 830 2230 quoque
854 2145 972 2229 linguae
996 2146 1133 2208 Sueticae
1157 2147 1263 2214 facere
1288 2160 1423 2231 possunt
1446 2147 1493 2210 ha

232 2253 352 2336 regulae
376 2251 660 2335 grammaticorum
686 2249 885 2312 Latinorum.

320 2375 340 2418 r.
387 2355 469 2418 Cum
494 2354 607 2418 eadem
632 2375 811 2416 consonans
828 2353 867 2414 ‚in
892 2353 999 2417 media
1021 2377 1100 2417 voce
1125 2355 1317 2439 geminatur,
1343 2356 1430 2440 prior
1454 2355 1493 2418 ad

234 2459 480 2546 praecedentem,
505 2457 664 2542 posterior
688 2455 728 2518 ad
751 2470 942 2542 sequentem
967 2459 1123 2542 syllabam
1150 2459 1300 2543 pertinet.
1340 2459 1386 2524 Ut
1402 2461 1495 2538 etl-la,

233 2565 364 2636 lua-na,
389 2563 536 2639 laam-nau,
560 2561 681 2643 kap-pu
704 2575 765 2626 etc.

318 2687 352 2729 11.
399 2666 585 2728 Consonans
618 2687 681 2727 una
709 2666 794 2727 inter
828 2665 906 2728 duas
940 2666 1068 2728 vocales
1104 2666 1248 2750 posita²)
1277 2666 1316 2728 ad
1340 2666 1495 2750 posterio-

232 2794 299 2833 rem
323 2769 477 2853 syllabam
496 2768 646 2853 pertinet.
696 2767 741 2832 Ut
764 2769 858 2846 lae-lc,
882 2769 996 2850 elce-lc,
1020 2769 1115 2842 tce-le,
1139 2790 1254 2852 rue-au,
1278 2769 1362 2846 blau,
1385 2774 1493 2852 pti-ra,

233 2879 303 2938 cita
326 2887 386 2936 etc.

317 2997 365 3040 111.
412 2976 599 3038 Derivativa
622 2989 800 3061 sequuntur
823 2975 892 3038 fere
917 2975 1155 3060 primitivorum
1180 2977 1380 3060 scripturam,
1412 2989 1447 3040 ut
1476 3001 1493 3040 a

231 3083 334 3163 satia,
358 3081 436 3153 ablat,
459 3103 522 3142 non
547 3085 630 3162 seph
655 3103 672 3142 a
695 3080 817 3156 aurula,
841 3079 955 3156 wrdlst,
980 3103 1042 3142 non
1066 3085 1183 3162 tereph
1203 3104 1220 3142 e
1229 3082 1323 3163 jope,
1338 3082 1415 3162 jupt
1431 3094 1491 3144 etc.

232 3190 262 3249 A
290 3187 384 3268 flyyu
417 3197 524 3246 tamen
560 3195 736 3268 usurpatur
757 3183 859 3266 dyclrt,
885 3206 956 3245 cum
987 3196 1093 3245 tamen
1122 3183 1240 3246 rectius
1264 3184 1361 3248 scribi
1385 3183 1494 3248 videa·

231 3303 283 3352 tur
301 3290 384 3370 flyyt
408 3289 446 3351 ad
472 3287 687 3349 differentiam
713 3310 730 3348 a
747 3287 858 3369 flycht,
882 3286 969 3370 fuga.

316 3411 359 3454 iv.
406 3391 636 3465 Consonantes,
661 3413 731 3474 quae
754 3389 847 3452 initio
871 3389 959 3452 vocis
983 3391 1136 3474 conjungi
1160 3405 1304 3476 possunt,
1326 3391 1359 3453 in
1388 3391 1494 3454 medio

231 3517 270 3558 ne
295 3507 494 3579 separentur,
519 3493 610 3556 utin
625 3494 760 3577 fre-sta,
783 3489 925 3569 bra-alcu,
950 3495 1094 3576 lara-spu,
1118 3495 1273 3576 spru-clu,
1319 3495 1410 3556 ldem
1434 3493 1495 3557 hoc

231 3600 326 3662 etiam
362 3598 396 3660 in
431 3599 501 3660 aliis
537 3597 735 3671 observatur,
777 3611 812 3658 ut
845 3597 878 3658 in
899 3598 1059 3680 fra-elatu,
1094 3598 1221 3671 tra-elatu,
1252 3599 1397 3680 uae-ahtau
1421 3609 1492 3674 etc,

231 3727 303 3766 cum
338 3717 445 3764 tamen
480 3702 568 3764 nulla
602 3724 667 3763 vox
701 3725 718 3763 a
752 3701 801 3765 ehi
831 3701 1014 3785 incipiatur.
1068 3701 1208 3764 Videtur
1237 3715 1343 3764 tamen
1375 3701 1493 3764 rectius

229 3807 313 3869 forte
337 3807 381 3868 ita
398 3805 494 3868 scribi
509 3805 669 3888 frecht-u,
693 3805 822 3882 turbt-c,
846 3805 952 3869 uelat-u
975 3818 1047 3879 eta,
1073 3828 1145 3867 cum
1161 3806 1285 3889 frecht,
1303 3806 1395 3884 trecht,
1413 3806 1493 3882 uelit,
1590 3857 1593 3861 .

230 3933 287 3997 per
311 3933 352 3972 sa
369 3911 503 3992 integrae
527 3908 658 3992 syllabae
683 3921 777 3993 atque
803 3931 898 3970 voces
923 3909 996 3970 sint.
1239 3919 1243 3927 “

314 4033 343 4076 v.
390 4013 639 4096 Praepositiones
674 4025 748 4075 totae
778 4011 963 4096 separandae
999 4025 1093 4074 erunt
1117 4036 1134 4074 a
1158 4012 1310 4088 dictione,
1335 4037 1406 4076 cum
1431 4037 1494 4099 qua

229 4131 481 4202 componuntur:
506 4129 541 4179 ut
555 4117 711 4198 for-amai,
735 4116 970 4200 under-huswu,
985 4116 1165 4199 fiir-echte,
1191 4118 1376 4200 oswen-ifle.

301 4304 321 4370 ¹)
340 4308 416 4356 Idem
438 4322 546 4371 quoque
570 4309 598 4357 in
618 4309 726 4358 caeteris
745 4309 889 4356 vocalibus
910 4309 1113 4356 observandum
1134 4309 1254 4366 videtur,
1275 4314 1314 4368 ut,
1336 4311 1492 4372 ubicunque

229 4393 267 4442 sit
286 4408 369 4442 sonus
389 4395 416 4442 in
441 4390 466 4454 ἄ,
487 4395 526 4444 ibi
546 4396 629 4445 etiam
650 4397 788 4444 scribatur
806 4391 825 4445 ἅ
843 4410 898 4444 non
917 4407 944 4454 ος
965 4396 1013 4444 ubi
1031 4399 1074 4444 est
1093 4409 1176 4444 sonus
1195 4395 1224 4444 in
1245 4397 1271 4454 d,
1292 4397 1333 4445 ibi
1352 4397 1493 4446 scribatur

228 4482 321 4530 cinon
341 4495 360 4531 e.

298 4566 321 4631 ²)
342 4569 421 4626 Quod
440 4569 514 4616 idem
533 4571 690 4631 tenendum,
711 4572 734 4620 si
753 4572 896 4634 praecedat
915 4571 1104 4635 diphthongus
1125 4573 1153 4619 et
1172 4573 1238 4633 post
1257 4584 1316 4618 eam
1334 4567 1493 4634 sequaturj

227 4669 384 4704 consonans
403 4657 433 4704 in
453 4656 545 4706 media
563 4671 630 4706 voce
651 4660 685 4707 de
706 4674 759 4724 quo
780 4673 872 4724 supra.
