3674 5694
691 509 734 566 De
758 507 986 586 orthographia.
1460 507 1478 564 7
1510 555 1512 559 ,

306 696 478 759 Vocales
508 706 615 757 autem
637 717 696 779 per
712 706 884 773 assonant,
908 692 1129 778 syllabaruque
1154 715 1238 778 saepe
1263 693 1479 758 constituunt:

219 813 355 884 suntque
379 800 412 862 in
437 799 549 883 lingua
573 797 704 861 Suetica
726 819 859 860 novem:
883 819 904 860 c
927 820 943 861 a
965 799 978 860 t'
1000 817 1017 860 ο
1040 819 1061 861 u
1083 797 1153 881 (vel
1175 797 1210 880 a)
1230 819 1252 879 y
1274 797 1296 861 ἅ
1317 802 1339 862 ἄ
1361 803 1387 862 ὃ.

304 903 379 966 Not.
403 921 425 966 1.
471 902 544 964 Non
575 901 678 964 solum
707 901 741 962 in
764 899 861 962 variis
885 899 1043 976 dialectis,
1066 900 1123 963 sed
1148 901 1360 962 communiter
1382 900 1478 963 etiam

219 1006 252 1068 in
288 1007 406 1091 linguae
447 1005 601 1068 Sueeanae
635 1003 903 1090 pronunciatione
938 1005 1078 1066 occurrit
1112 1025 1208 1066 sonus
1243 1002 1384 1086 quidam,
1424 1002 1480 1086 qui

220 1111 346 1172 medius
370 1121 419 1174 est
441 1110 526 1172 inter
548 1110 579 1186 ἅ,
604 1121 637 1170 et
652 1129 669 1172 ο
685 1107 848 1192 gutturale
867 1107 1051 1192 depressius
1068 1106 1166 1191 (quod
1185 1105 1295 1168 Graeoo
1309 1129 1334 1166 ω
1350 1125 1479 1190 respon·

220 1215 306 1296 det):
342 1226 378 1276 ut
401 1213 434 1276 in
458 1234 537 1276 voce
561 1211 633 1276 ltolrl
655 1211 756 1296 (quod
775 1211 885 1274 differt
907 1233 925 1272 a
947 1211 1041 1294 aaut)
1064 1211 1143 1272 item
1172 1210 1205 1272 in
1233 1209 1314 1283 holel,
1338 1209 1371 1271 in
1394 1209 1481 1274 lobia

220 1330 281 1380 etc.
329 1315 392 1396 Qui
427 1314 562 1400 proinde
598 1337 694 1378 sonus
728 1315 925 1400 peculiarem
961 1315 1093 1398 exigere
1117 1313 1261 1376 vocalem
1285 1311 1425 1388 videtur,
1454 1312 1481 1376 si

220 1420 316 1482 modo
340 1419 547 1504 alphabetum
581 1418 623 1482 sit
645 1419 851 1502 completum.
897 1417 961 1480 Sed
986 1440 1057 1480 cum
1082 1439 1179 1478 sonus
1203 1416 1270 1492 ille,
1294 1415 1479 1500 ubicunque

220 1538 377 1600 occurrat,
412 1522 554 1606 exprimi
587 1522 649 1584 iam
686 1522 818 1606 caeperit
841 1523 873 1584 in
897 1521 967 1584 istis
991 1537 1086 1606 atque
1111 1519 1234 1583 caeteris
1257 1519 1388 1583 vocibus
1423 1542 1481 1604 per·

220 1649 248 1701 0,
283 1627 423 1710 indeque
448 1625 682 1688 inextricabilis
706 1626 774 1687 fere
798 1624 972 1688 difficultas
996 1638 1153 1701 nascatur,
1177 1624 1365 1686 nouaclum
1391 1645 1481 1708 pere·

220 1731 332 1812 grinis‚
365 1731 420 1792 sed
446 1729 541 1792 etiarn
567 1729 739 1814 indigenis,
763 1729 983 1813 distinguendi
1006 1729 1090 1790 inter
1113 1750 1130 1792 c
1153 1727 1234 1790 illud
1258 1749 1398 1789 crassum
1424 1749 1481 1789 seu

220 1835 408 1918 depressum
444 1846 539 1916 atque
574 1853 591 1896 o
621 1831 708 1895 istud
732 1833 976 1895 intermedium:
1001 1855 1064 1894 non
1090 1843 1196 1915 potest
1219 1831 1281 1894 ista
1304 1829 1480 1894 difficultas

221 1938 284 1999 alia
307 1937 519 2000 commodiori
542 1936 594 1998 via
618 1935 699 2010 tolli,
723 1959 817 2020 quam
842 1936 869 1998 si
892 1936 944 1998 vel
968 1957 1050 1998 nova
1074 1934 1181 2019 aliqua
1204 1933 1258 1996 isti
1281 1956 1359 1997 sono
1383 1933 1481 1996 inter-

220 2040 327 2103 medio
363 2040 576 2126 exprimenda
610 2039 835 2102 adinveniatur
869 2039 962 2102 litera
996 2037 1128 2114 vocalis,
1163 2049 1291 2100 autres
1314 2037 1360 2099 ita
1383 2059 1481 2122 expe-

221 2143 337 2222 diatur,
362 2158 397 2207 ut
420 2166 531 2206 omnes
554 2144 619 2207 illae
642 2165 749 2226 voces,
773 2166 843 2228 quae
866 2165 923 2226 per
945 2163 963 2206 c
986 2141 1067 2204 illud
1091 2141 1228 2204 crassius
1244 2163 1281 2203 ac
1297 2139 1481 2226 depressius

221 2248 483 2332 pronunciantur,
519 2271 592 2310 cum
627 2247 792 2332 geminato
827 2268 862 2310 oo
895 2246 1088 2322 scribantur,
1121 2244 1186 2306 illae
1209 2265 1287 2306 vero
1317 2265 1424 2320 voees,
1448 2245 1481 2306 in

220 2351 336 2436 quibus
371 2374 467 2416 sonus
491 2351 552 2415 iste
576 2349 788 2414 intermedius
813 2349 960 2424 occurrit,
986 2370 1042 2433 per
1065 2347 1196 2410 unicum
1220 2369 1277 2410 seu
1301 2347 1442 2432 simplex
1465 2369 1483 2412 o

222 2455 412 2518 scribantur.
1472 2519 1475 2528 ,

305 2559 374 2622 NB.
420 2559 500 2622 (lum
537 2559 597 2622 ista
631 2557 912 2642 grammaticorum
949 2554 1138 2617 Latinorum
1173 2554 1286 2637 regula
1320 2577 1384 2616 non
1425 2577 1482 2639 per

220 2663 328 2725 omnia
341 2663 487 2747 quadret,
501 2676 533 2724 et
549 2663 686 2725 multum
701 2661 785 2746 apud
804 2661 891 2745 ipsos
907 2659 1048 2733 vacillet,
1066 2671 1102 2719 ut
1117 2657 1201 2720 infra
1217 2671 1379 2734 notatum;
1397 2658 1481 2722 forte

220 2766 335 2828 melius
370 2765 454 2828 foret
488 2767 520 2828 in
556 2766 666 2850 lingua
700 2778 808 2827 nostra
837 2785 937 2826 unum
959 2765 973 2826 a'
995 2761 1151 2844 vocalem,
1175 2761 1311 2824 alterum
1334 2765 1349 2844 φ’
1371 2785 1483 2824 conso-

220 2883 349 2932 nantem
374 2883 525 2931 statuere.

306 2972 380 3034 th.
406 2991 440 3036 11.
487 2972 586 3058 Apud
622 2972 755 3034 Latinos
789 2970 1015 3056 grammaticos
1052 2969 1165 3052 regula
1200 2980 1263 3030 est:
1305 2967 1391 3052 quod
1416 2969 1428 3030 i
1450 2979 1483 3030 et

220 3099 334 3152 sucum
360 3075 515 3159 syllabam
540 3074 702 3148 inchoant,
725 3075 830 3137 vocali
853 3086 1019 3158 aequente,
1043 3071 1126 3135 fiunt
1146 3086 1369 3136 consonantes.
1404 3071 1482 3150 Quae

221 3179 317 3241 etiam
354 3203 430 3241 vera
464 3191 513 3241 est
548 3179 580 3240 in
615 3178 726 3261 lingue
749 3177 876 3242 Suetica
904 3177 943 3238 de
958 3178 988 3258 j,
1013 3189 1048 3237 ut
1071 3175 1102 3238 in
1120 3177 1171 3258 ju,
1188 3176 1237 3256 jc,
1253 3177 1381 3257 jdmpa,
1397 3175 1483 3256 jultu

221 3283 338 3367 etc.¹):
363 3283 419 3346 sed
444 3283 477 3344 in
500 3306 518 3346 c
542 3281 574 3344 id
599 3305 662 3344 non
687 3280 843 3366 procedit.
878 3280 1050 3365 Nunquam
1075 3279 1160 3341 enim
1177 3301 1196 3344 e
1213 3279 1353 3364 simplex
1369 3278 1483 3364 (prout

221 3401 309 3449 recta
343 3385 439 3448 hodie
475 3387 632 3471 scriptura
656 3385 762 3468 tenet)
785 3383 940 3467 syllabam
965 3383 1096 3445 inchoat
1117 3395 1272 3466 sequente
1289 3382 1408 3444 vocali:
1426 3381 1482 3444 sed

221 3489 283 3552 hoc
317 3503 447 3574 praestat
475 3489 598 3573 duplex
621 3510 660 3570 w,
684 3511 753 3572 quae
776 3487 870 3549 litera
893 3509 1072 3548 consonans
1096 3499 1155 3562 est,
1179 3497 1275 3568 atque
1299 3498 1363 3548 tam
1388 3508 1481 3548 voca-

221 3593 318 3670 libus,
348 3607 385 3654 ut
407 3593 440 3654 in
464 3592 567 3668 walse,
591 3597 681 3661 acela.
705 3591 807 3656 wallia
830 3603 903 3666 etc,
927 3611 1020 3673 quam
1046 3588 1296 3651 consonantibus
1319 3588 1482 3651 interdum

221 3707 258 3758 ut
290 3696 324 3757 in
359 3696 482 3768 wruulr,
517 3695 640 3771 aurillac,
675 3695 800 3758 wridlru
834 3706 896 3756 eto.
920 3692 1128 3778 praeponitur.
1175 3691 1362 3776 Aliquando
1386 3691 1481 3753 etiam

222 3799 277 3861 alii
305 3821 451 3861 consonae
479 3799 581 3883 ipsam
609 3797 805 3882 praeoedenti
829 3799 943 3880 juncta
966 3819 1038 3858 eum
1060 3794 1165 3858 vocali
1200 3808 1355 3880 sequente
1387 3795 1482 3878 sylla·

222 3904 293 3964 bam
330 3901 419 3979 facit,
455 3916 488 3966 ut
520 3904 554 3964 in
588 3903 708 3984 swuplr,
744 3923 862 3975 swero,
891 3901 1029 3979 swedlau,
1053 3899 1180 3981 ampla,
1204 3904 1337 3980 tucceta,
1361 3904 1482 3976 traditu,

221 4005 333 4088 twljlru
355 4021 428 4082 etc,
452 4007 569 4078 huosa,
591 4005 699 4080 huam,
724 4005 813 4084 repr
837 4015 897 4066 etc.

308 4107 473 4170 Interdum
491 4122 598 4170 tamen
616 4107 792 4170 secundum
817 4105 979 4190 antiquam
997 4105 1197 4188 scripturam,
1213 4127 1283 4188 quae
1300 4105 1332 4166 in
1348 4105 1485 4167 vetustis

222 4211 348 4296 legibus
373 4223 405 4272 et
428 4211 505 4274 alibi
529 4211 678 4288 occurrit,
702 4231 731 4275 w
755 4210 851 4273 etiam
877 4209 996 4272 vocalis
1021 4223 1084 4272 eat:
1111 4232 1181 4293 quae
1207 4207 1371 4292 hodieque
1389 4207 1485 4270 etiarn

296 4403 317 4468 ¹)
345 4407 420 4454 Idem
443 4405 646 4468 quodammodo
666 4404 784 4461 obtinet,
804 4403 914 4451 etiamsi
928 4403 1062 4464 syllabam
1075 4415 1130 4449 non
1144 4401 1265 4459 inchoe't,
1280 4399 1328 4448 sed
1342 4403 1408 4461 post
1419 4413 1483 4447 oon-

223 4509 319 4544 sonam
339 4477 394 4541 una
413 4507 472 4541 oum
492 4505 520 4554 a,
539 4503 560 4548 e,
579 4503 600 4551 a,
618 4503 646 4549 tc,
665 4493 691 4551 (i,
710 4491 733 4551 ὅ,
752 4503 776 4549 0,
790 4492 928 4553 syllabam
947 4489 1025 4546 facit,
1046 4493 1077 4536 ot
1098 4489 1126 4536 in
1144 4483 1256 4552 alyrlrr'u,
1279 4482 1387 4544 mcirkrb,
1403 4481 1483 4535 liuram

221 4579 283 4641 sicil,
309 4578 373 4640 aaa,
400 4577 469 4643 auid,
497 4575 581 4644 lycbio
608 4584 660 4627 etc.
683 4575 757 4639 auct,
778 4579 827 4628 sed
855 4580 885 4626 in
909 4573 996 4642 fiolist
1024 4581 1053 4624 et
1079 4575 1224 4633 similibus,
1251 4575 1342 4633 aliter,
1367 4573 1415 4621 ubi
1445 4573 1485 4620 di.

223 4668 354 4718 stinctam
375 4668 511 4730 syllabam
531 4667 684 4714 constituit.
706 4667 776 4715 Item
795 4667 824 4714 in
844 4662 913 4728 Tijo,
933 4660 1008 4728 tho,
1027 4663 1074 4711 ubi
1094 4667 1137 4711 est
1156 4661 1294 4726 geminum
1318 4659 1330 4710 a'
1349 4661 1426 4727 prius
1440 4674 1487 4708 vo·

224 4757 291 4815 cale,
314 4755 455 4820 posterius
476 4767 607 4808 consona.
