3674 5694
342 479 382 538 28
670 483 718 540 Er.
742 484 893 542 Aurivillii
917 485 1113 542 Grammatico
1136 485 1276 543 Svceanc.

428 667 456 728 5.
502 663 667 747 Equorum
705 677 738 727 et
775 663 872 727 boum
907 663 1038 727 nomine
1071 664 1217 750 propriam
1252 677 1288 729 ut
1322 663 1452 746 Bruta,
1478 661 1599 740 Societa,

343 766 484 842 Rodien,
524 766 651 842 Gadda,
690 767 850 843 Brooiteu,
888 767 1025 849 Ruppeu
1048 781 1122 851 etc,
1158 769 1351 852 sudataque,
1392 767 1600 850 Westpdtiteu,

340 871 516 952 pdnqcrea.

429 974 457 1036 6.
504 973 626 1037 Canum
640 974 769 1038 nomina
788 973 933 1058 propria;
953 985 989 1036 ut
1005 975 1105 1057 stytt,
1120 974 1236 1052 Putet,
1255 973 1399 1057 Grynem,
1417 973 1522 1038 Siorm
1539 985 1599 1036 etc.

429 1079 457 1141 7.
503 1078 648 1141 Lacuum
682 1078 812 1142 nomina
844 1078 990 1163 propria3
1020 1093 1056 1140 ut
1085 1079 1227 1151 Wattera,
1260 1078 1412 1154 Wtitterrt,
1437 1075 1601 1158 Meilcrett,

345 1181 518 1264 Fyairryea,
554 1180 674 1255 (iicon,
710 1181 834 1257 Rosea,
875 1181 1027 1264 Gepideu,
1053 1183 1152 1248 Runa
1175 1195 1233 1246 etc.
1279 1181 1396 1244 Itidem
1426 1179 1603 1264 composita

343 1284 450 1348 omnia
474 1307 491 1347 a
518 1285 648 1348 nomine
672 1287 815 1365 siddput
838 1299 910 1370 post
934 1284 1087 1349 tradetur.
1134 1285 1241 1371 Exipe
1275 1307 1377 1371 pauca
1400 1283 1544 1369 quaedam
1569 1283 1602 1346 in

343 1411 387 1453 aa
424 1389 614 1467 desinentia,
650 1412 719 1474 quae
753 1389 910 1452 feminina
939 1401 1022 1465 sunt,
1047 1402 1083 1451 ut
1107 1391 1235 1462 sititae,
1272 1389 1429 1470 Worpom
1458 1387 1603 1452 Tc‘t‘muuu

343 1503 415 1575 etc,
439 1515 508 1578 quae
542 1492 625 1555 forte
661 1515 780 1555 avooe
804 1492 910 1576 aliqua
933 1491 1089 1555 feminina
1111 1493 1143 1556 in
1168 1515 1329 1558 unomen
1354 1495 1601 1576 acceperuntl).

429 1598 457 1660 8.
504 1595 648 1658 Fiahlars
688 1595 819 1657 nomina
856 1594 1001 1679 propria:
1042 1608 1078 1658 ut
1118 1597 1250 1674 Ecltcltt,
1285 1596 1452 1670 Gdrweiitu
1498 1595 1602 1676 Sitti'ff·

342 1701 450 1780 tiayeu
473 1712 533 1761 etc.
1456 1705 1457 1708 ’

429 1801 482 1865 Sic
505 1803 602 1864 etiam
627 1801 735 1864 omnic
757 1799 936 1884 composita
959 1823 977 1862 a
992 1800 1087 1884 fiditi,
1117 1802 1208 1884 cujus
1233 1801 1384 1884 exempla
1408 1800 1500 1863 infra.
1536 1799 1602 1862 Ex·

342 1905 414 1989 cipe
451 1905 630 1988 Skarfwett,
655 1917 688 1967 ct
716 1904 843 1980 similia,
867 1927 937 1989 quae
961 1928 978 1967 a
1006 1903 1136 1966 nomine
1161 1904 1268 1989 aliquo
1292 1904 1489 1989 appellativo
1514 1903 1602 1966 ferni·

342 2009 411 2072 nini
435 2009 564 2094 generis
588 2031 705 2071 nomen
730 2021 935 2093 acceperuut,
964 2031 1067 2092 eoque
1091 2007 1248 2071 feminina
1271 2020 1355 2070 sunt.

428 2113 457 2176 9.
503 2112 658 2174 Ferarum
681 2111 927 2197 quadiupedum
958 2111 1098 2188 nomine,
1122 2111 1265 2197 speciem
1289 2110 1476 2174 denotantia
1499 2112 1602 2194 cujus·

342 2237 468 2300 cunque
492 2215 737 2292 terminationis,
761 2214 817 2278 ubi
840 2237 942 2300 genus
966 2237 1079 2278 sexum
1103 2215 1262 2298 potiorem
1287 2215 1446 2300 sequitur:
1463 2227 1499 2276 ut
1511 2215 1603 2279 bibra

342 2341 441 2402 worp,
473 2318 566 2402 hicet,
595 2319 655 2401 εἷς,
683 2319 837 2401 elephant,
868 2319 993 2402 cumaei,
1020 2319 1124 2395 moirti,
1154 2319 1213 2400 loo,
1241 2319 1330 2402 reios,
1358 2319 1473 2391 haara,
1496 2319 1602 2400 electu,

342 2423 467 2506 Itunt'jtt,
499 2423 674 2505 euhdrttt'ttp
709 2435 769 2485 etc.
816 2423 899 2485 item
935 2423 1070 2484 aliorum
1104 2421 1304 2507 quorundam
1339 2421 1537 2494 animalium,
1568 2432 1604 2484 ut

341 2527 424 2604 tuat,
447 2527 542 2600 hund,
566 2526 644 2601 ituit,
668 2527 735 2600 tot,
759 2527 834 2610 itulf
853 2537 913 2590 etc.
958 2527 1003 2590 Et
1025 2527 1127 2589 multo
1144 2526 1244 2604 magis
1261 2547 1375 2588 sexum
1389 2525 1602 2588 masculinum

342 2629 571 2715 significantia:
596 2643 632 2692 ut
654 2651 721 2712 oue,
743 2636 839 2706 stant,
864 2630 948 2710 bocia,
971 2631 1066 2706 tutas,
1088 2649 1226 2712 qumsse,
1241 2629 1324 2711 poili
1342 2642 1402 2692 etc.
1511 2619 1515 2623 ”

428 2733 554 2818 Excipe
589 2733 744 2796 nonnulla
777 2733 918 2796 ferarum
953 2733 1098 2796 nomina:
1121 2744 1158 2795 ut
1179 2733 1273 2809 risco,
1297 2754 1382 2810 recta,
1406 2743 1466 2795 etc.
1490 2732 1601 2796 femin.

343 2837 448 2920 leijotu
472 2849 559 2900 nent.
589 2838 667 2900 item
684 2837 833 2918 penates,
856 2839 937 2918 tepet
960 2849 1032 2911 etc„
1056 2835 1131 2920 quia
1154 2835 1408 2920 subintelligitur
1430 2836 1536 2900 dictur.

432 2942 479 3005 10.
526 2941 647 3004 Avium
681 2939 821 3016 nomina,
846 2939 987 3025 speciem
1012 2938 1227 3023 significantia
1250 2941 1470 3024 cujuscunque
1495 2938 1603 3002 termi-

342 3043 497 3108 nationis:
531 3055 568 3106 ut
602 3063 716 3116 sacua,
750 3043 884 3125 tidditer,
913 3063 996 3117 erre,
1025 3043 1142 3124 iaierpe,
1165 3044 1254 3126 dorp,
1278 3043 1365 3120 didit,
1389 3043 1488 3118 aierit,
1510 3043 1601 3126 pedit,

341 3148 456 3230 sparff,
476 3148 625 3230 prinmo,
648 3146 793 3230 hoflstete,
817 3146 1041 3230 awousd(i)²),
1066 3147 1167 3220 maida,
1191 3153 1280 3212 tratti
1303 3159 1363 3210 eto.
1400 3147 1483 3209 Item
1500 3147 1603 3209 insec-

342 3263 459 3332 torum,
474 3261 510 3311 ut
521 3251 635 3325 br‘o'ms,
647 3251 874 3332 patinufidrai,
887 3249 1077 3332 torudyswel
1089 3263 1149 3312 etc.
1174 3249 1311 3334 Excipe,
1325 3249 1550 3312 desinentiam
1565 3271 1604 3314 u:

343 3365 380 3417 ut
401 3359 510 3430 traua,
533 3353 647 3434 secula,
669 3353 781 3436 maipa,
804 3352 924 3435 dafeca,
953 3353 1087 3430 ldrckt'a,
1111 3353 1269 3436 stapla'jsm
1296 3353 1387 3419 cisitu
1410 3365 1471 3416 etc.
1510 3353 1601 3416 Idem

345 3457 379 3519 in
403 3455 545 3519 insectis.

429 3562 463 3638 2)
487 3559 593 3622 Pauca
616 3557 761 3644 quaedam
785 3557 915 3622 alterius
940 3559 1191 3624 terminationis:
1214 3573 1251 3622 ut
1271 3561 1365 3642 ysidis,
1389 3561 1463 3624 aud.

430 3664 463 3738 3)
486 3662 539 3725 Ex
561 3662 693 3725 insectis
716 3662 762 3744 bij
785 3675 945 3726 neutrum.

434 3769 482 3828 ll.
527 3765 669 3829 Piscium
702 3765 843 3843 nomina,
867 3766 1008 3850 speeiem
1032 3765 1230 3844 denotantia,
1255 3769 1474 3852 cujuscunque
1493 3769 1603 3832 termi-

343 3869 499 3945 nationis;
523 3869 606 3932 sicut
629 3883 662 3931 et
685 3869 791 3954 ipsum
814 3891 931 3932 nomen
946 3869 1015 3952 ficit
1037 3890 1139 3953 genus
1162 3884 1276 3932 notans
1300 3871 1511 3934 masculinum
1537 3885 1602 3936 est:

343 3985 380 4035 ut
403 3973 469 4050 lua,
491 3972 590 4049 torsit,
615 3973 690 4055 sijlu
714 3973 780 4048 act,
804 3973 934 4048 drocen,
950 3973 1056 4046 abbor,
1071 3974 1151 4054 pire,
1167 3979 1257 4050 murt,
1273 3974 1441 4057 hwijilinp,
1458 3976 1602 4051 maurili,

343 4076 462 4157 rilliup
485 4087 545 4138 etc.
590 4075 716 4160 Excipe
741 4074 922 4138 desinentia
945 4081 977 4137 in
1001 4097 1031 4151 c,
1045 4097 1114 4160 quae
1138 4076 1291 4140 feminina
1313 4089 1403 4141 sunt:
1427 4089 1464 4140 ut
1482 4079 1603 4160 pdddu,

343 4179 443 4255 aesta,
477 4180 593 4261 simper,
626 4179 751 4253 mimia,
781 4179 919 4260 poncia,
953 4181 1111 4263 aeijadya
1134 4181 1239 4246 ruditu
1263 4194 1322 4244 etc.
1369 4181 1407 4243 In
1433 4182 1454 4264 i,
1477 4194 1514 4243 ut
1536 4183 1604 4260 sut,

344 4282 547 4346 femininum.

433 4387 480 4450 12.
527 4385 714 4448 Planterum
752 4384 891 4464 nomina,
929 4385 1071 4470 speciem
1109 4385 1333 4470 significantia,
1382 4388 1603 4474 cujuscunque

344 4488 595 4552 terminationis:
630 4500 666 4550 ut
698 4489 829 4571 abrodat,
864 4488 932 4560 dett,
956 4491 1055 4566 auiis,
1077 4491 1284 4572 rocamurr'ju,
1308 4491 1456 4574 meijraru
1480 4493 1603 4567 timisa,

417 4677 436 4744 ¹)
454 4681 568 4730 Urbium
586 4679 707 4740 nomina,
718 4678 766 4727 ubi
784 4693 913 4742 expresse
933 4679 1047 4728 additur
1065 4679 1109 4727 vsl
1128 4677 1347 4740 subintelligitur
1364 4676 1434 4729 stad.
1467 4678 1528 4730 Vid.
1544 4696 1604 4731 om·

347 4769 414 4820 nino
434 4782 496 4833 pag.
510 4768 553 4820 30.
937 4763 960 4827 ²)
979 4767 1043 4829 Utg.
