3674 5694
356 515 399 575 44
701 519 749 576 Er.
767 516 920 576 Aurivillii
943 516 1139 576 Grammatico
1162 517 1299 576 Sveaana.
1345 596 1347 603 Ι

442 721 478 768 11.
523 701 660 764 Elidunt
682 723 706 776 e,
733 705 765 782 l)
789 701 970 764 desinentia
992 701 1024 763 in
1049 701 1087 775 et,
1111 699 1145 762 in
1168 721 1252 763 nom.
1277 699 1443 785 singulari,
1456 711 1493 762 ut
1513 700 1619 782 'speyel

357 805 439 890 plur.
464 806 603 887 speylar,
618 805 719 889 supet,
744 804 876 888 stbswel,
900 804 1058 888 stbssaclar,
1081 803 1223 888 attested,
1247 803 1375 886 adferet,
1398 804 1505 888 qaffel,
1526 803 1619 886 boffet

356 908 481 992 snyffel,
513 909 677 986 krdmmel,
702 907 836 990 tymmet,
859 908 1066 990 stynqeteto.
1111 909 1145 980 2)
1169 906 1351 970 desinentia
1371 907 1403 970 in
1420 929 1464 984 er,
1481 929 1617 990 quorum

356 1011 501 1096 quaedam
535 1011 680 1074 vocalem
719 1033 803 1074 nom.
839 1010 919 1095 sing.
956 1022 1091 1088 mutant,
1126 1021 1162 1072 ut
1188 1010 1324 1085 mediter,
1350 1010 1432 1095 plur.
1456 1010 1617 1085 mbdltrar,

355 1116 465 1192 datter,
488 1115 623 1181 dittrcr.
660 1114 811 1193 Quaedarn
834 1114 985 1190 retinent,
1016 1126 1052 1176 ut
1074 1114 1205 1198 bdfwer,
1230 1113 1313 1197 plur.
1338 1114 1503 1198 bustarum
1526 1117 1617 1190 atter,

356 1225 482 1296 altram
504 1221 626 1294 winter,
650 1220 805 1296 ciatrem
828 1219 962 1300 sandyce,
986 1218 1136 1299 sarturae
1159 1229 1217 1280 etc.

442 1341 490 1384 111.
535 1320 672 1384 Elidunt
696 1343 727 1400 a,
741 1321 924 1384 desinentia
947 1321 979 1382 in
1003 1342 1053 1394 ur,
1077 1333 1113 1382 ut
1134 1321 1278 1395 redditur,
1303 1321 1386 1405 plur.
1410 1320 1574 1385 wddhrur.

442 1444 484 1488 lv.
530 1425 667 1488 Elidunt
689 1445 716 1501 0,
747 1436 780 1488 et
808 1425 862 1486 vel
884 1424 1030 1486 vocalem
1054 1423 1239 1508 primariam
1263 1447 1348 1487 nom.
1373 1423 1546 1508 singularis
1570 1445 1618 1486 re·

357 1529 472 1610 tinent,
496 1540 533 1591 ut
554 1530 666 1612 afftort,
691 1528 773 1612 plur.
797 1530 929 1612 affluar,
954 1528 1006 1590 vel
1025 1541 1151 1590 mutant
1166 1541 1203 1590 ut
1218 1549 1358 1610 momen,
1376 1527 1459 1612 plur.
1475 1532 1617 1602 ardenar,

355 1655 414 1718 pro
448 1653 581 1697 mercar
615 1637 665 1710 (ut
698 1630 828 1715 quidem
865 1629 969 1694 adhuc
1003 1631 1141 1716 loquunt
1168 1630 1249 1693 illud
1273 1653 1350 1694 vero
1374 1654 1432 1716 pro
1456 1651 1617 1713 rumpam,

357 1736 437 1800 eliso
462 1736 559 1800 etiam
580 1758 613 1818 9,
638 1747 733 1820 atque
758 1735 804 1798 sic
826 1735 954 1819 integra
977 1735 1102 1818 syllaba
1121 1741 1186 1818 90).

442 1841 471 1903 9.
517 1839 682 1918 Quaedam,
694 1839 930 1901 nominativum
955 1839 1112 1923 pluralem
1138 1838 1309 1902 formantia
1331 1838 1365 1902 in
1381 1860 1426 1914 er,
1444 1859 1617 1901 consonam

356 1943 502 2006 ultimam
532 1942 724 2006 nominativi
748 1942 919 2026 singularis
943 1942 1111 2028 duplicant
1134 1942 1167 2004 in
1189 1942 1317 2027 plurali,
1348 1955 1381 2005 et
1404 1965 1446 2006 ex
1469 1941 1519 2004 bis
1535 1965 1617 2026 quae-

357 2047 429 2110 dam
464 2047 609 2109 vocalem
638 2045 831 2108 nominativi
854 2045 936 2130 sing.
961 2058 1100 2121 servant,
1130 2057 1166 2108 ut
1185 2051 1263 2128 poet,
1286 2047 1368 2130 plur.
1390 2051 1500 2129 pitter,
1525 2057 1567 2122 et,
1591 2044 1618 2106 si

356 2173 426 2235 quae
450 2150 583 2214 similia:
607 2148 751 2234 quaedam
776 2161 911 2226 mutant,
935 2163 971 2212 ut
984 2149 1069 2234 scot,
1093 2149 1387 2234 plunfottearoot,
1404 2155 1517 2228 mittem
1533 2153 1616 2226 noct,

318 2269 331 2297 ⁰
355 2259 470 2332 uittam
493 2256 571 2332 boot,
595 2255 707 2332 tritten·
730 2275 799 2329 soa,
824 2259 950 2319 adunet.

442 2357 523 2442 Reg.
557 2377 591 2421 11.
640 2357 828 2420 Desinentia
862 2356 895 2419 in
929 2357 1084 2430 vocalem,
1114 2356 1290 2419 masculina
1313 2357 1380 2420 scil.
1405 2369 1439 2420 et
1462 2355 1619 2418 feminina

353 2461 440 2545 (nam
463 2474 578 2524 neutra
601 2460 704 2534 aliter,
728 2470 764 2522 ut
788 2472 861 2545 post
883 2460 917 2522 in
941 2461 1188 2546 exceptionibus
1210 2459 1359 2543 traditur)
1383 2459 1617 2522 nominativum

356 2565 514 2649 pluralem
550 2564 741 2648 regulariter
776 2564 917 2627 formant
946 2564 1142 2650 asingulari
1163 2564 1290 2648 adjecto
1315 2577 1422 2626 tamen
1445 2587 1463 2628 r
1486 2563 1519 2626 in
1542 2563 1616 2627 fine.

357 2668 435 2731 Haec
459 2667 696 2752 simplicissima
719 2679 768 2730 est
792 2667 941 2729 formatio
965 2678 998 2730 et
1022 2667 1168 2752 procedit
1186 2690 1243 2752 per
1261 2690 1372 2730 ornnes
1394 2668 1462 2730 fere
1478 2668 1617 2741 vocales,

354 2771 389 2834 in
412 2794 490 2856 quas
515 2771 610 2834 modo
634 2771 753 2834 desinit
775 2771 992 2834 nominativus
1017 2771 1132 2857 aliquis
1156 2772 1327 2856 singularis
1348 2772 1506 2857 pluralem
1526 2795 1568 2835 ex
1584 2793 1617 2833 se

357 2874 510 2938 formans.
558 2874 611 2939 Sic
633 2874 785 2951 formant,

443 2977 552 3040 Finita
585 2979 618 3040 in
653 2999 683 3054 a,
714 2977 891 3040 masculina
914 2977 1032 3042 omnia.
1077 2977 1238 3062 Exempla
1261 3000 1319 3063 per
1343 2978 1446 3040 varias
1468 2977 1618 3040 termina·

357 3082 471 3144 tiones.
520 3081 556 3144 ln
591 3081 644 3152 dc,
669 3093 705 3142 ut
738 3081 876 3154 milirdo,
912 3081 995 3165 plur.
1019 3082 1185 3160 mistretam·
1208 3082 1344 3164 apadha,
1368 3082 1450 3166 plur.
1475 3082 1620 3164 apadbcr

357 3197 419 3248 etc.
465 3185 502 3248 In
534 3206 588 3266 qu,
625 3199 661 3246 ut
684 3185 798 3266 trappa,
830 3185 913 3268 plur.
937 3185 1073 3267 lappam
1096 3185 1199 3267 trapa
1223 3186 1305 3270 plur.
1328 3187 1451 3268 brayae
1474 3199 1534 3248 etc.
1582 3185 1618 3247 ln

357 3292 390 3353 t'u
409 3299 444 3350 ut
467 3289 537 3371 teja,
550 3289 633 3373 plur.
657 3289 737 3370 tt'jcr
760 3300 819 3350 etc.
866 3289 903 3352 In
928 3287 978 3363 tec,
1004 3301 1039 3350 ut
1061 3289 1217 3372 annesae,
1232 3290 1313 3374 plur.
1339 3289 1519 3367 tundalum
1542 3290 1618 3353 tutta

357 3393 440 3477 plur.
477 3392 571 3455 latam
599 3403 659 3455 eto.
704 3393 739 3455 In
765 3391 806 3467 ta,
832 3405 867 3454 ut
890 3392 988 3474 buflo,
1013 3392 1095 3476 plur.
1119 3392 1235 3474 kastam
1259 3393 1361 3474 apoto,
1388 3393 1469 3477 plur.
1493 3393 1619 3475 spatae,⁰

357 3496 476 3573 stulta,
501 3496 583 3580 plur.
608 3495 734 3560 statur
758 3508 818 3558 etc.
865 3495 902 3557 In
925 3517 988 3572 mc,
1010 3508 1046 3558 ut
1062 3497 1149 3577 tima,
1168 3496 1251 3580 plur.
1269 3498 1377 3572 timum
1387 3518 1518 3579 pasena,
1535 3497 1617 3581 plur.

351 3620 490 3682 puamar
513 3611 574 3662 etc.
619 3600 657 3662 In
680 3620 735 3673 etc,
760 3612 796 3661 ut
818 3621 926 3680 speetu,
951 3599 1034 3683 plur.
1053 3619 1183 3680 apertam
1195 3602 1308 3680 pinna.
1325 3601 1406 3685 plur.
1417 3603 1542 3682 pinnae
1557 3613 1618 3664 etc.

358 3703 395 3765 In
412 3724 471 3784 pa,
496 3714 532 3765 ut
554 3703 671 3785 kappa,
695 3703 778 3788 plur.
802 3703 927 3784 lappae
950 3714 1010 3764 ete.
1050 3702 1087 3764 ln
1103 3723 1153 3785 rc,
1170 3703 1262 3786 bara,
1280 3705 1362 3788 plur.
1378 3705 1494 3782 laurum
1510 3725 1617 3786 sporo,

357 3827 475 3887 aporar
498 3819 558 3868 etc.
604 3807 642 3870 In
667 3827 716 3888 aa,
741 3818 776 3870 ut
799 3806 909 3888 basaa,
933 3805 1015 3890 plur.
1040 3805 1168 3888 kessar,
1187 3828 1298 3889 possa,
1323 3808 1406 3892 plur.
1422 3829 1540 3889 persar
1556 3821 1617 3874 etc.

358 3908 396 3971 In
430 3914 475 3991 ta,
510 3922 545 3971 ut
580 3911 671 3991 betta,
706 3909 788 3995 plur.
825 3911 944 3986 bettar,·
979 3909 1069 3974 cletta
1093 3909 1175 3994 plur.
1198 3909 1310 3975 stadtar
1332 3923 1392 3973 etc.
1437 3912 1475 3974 In
1499 3932 1560 3993 tau,
1583 3924 1619 3973 ut

357 4011 473 4094 bofwa,
497 4013 580 4096 plur.
604 4013 747 4104 trojanam·
770 4013 889 4093 tttofwc
912 4014 995 4099 plur.
1018 4013 1164 4094 atofwar.
1211 4013 1248 4075 In
1270 4035 1402 4098 camna
1420 4021 1471 4092 (ut
1486 4015 1617 4099 quidam

358 4115 599 4200 pronunciant),
614 4116 697 4200 plur.
718 4137 804 4199 year
826 4128 887 4179 etc.

445 4217 512 4282 NB.
558 4218 622 4282 Hic
656 4218 768 4280 eadem
804 4218 963 4282 dubitatio
999 4221 1143 4301 recurrit,
1177 4244 1246 4306 quae
1275 4243 1371 4306 supra
1394 4233 1481 4283 mota
1507 4236 1556 4284 est
1579 4223 1618 4284 de

357 4343 476 4406 genero
511 4322 677 4384 nominum
711 4321 744 4384 in
776 4344 797 4386 a
825 4345 898 4408 pag.
922 4324 959 4386 31
987 4337 1020 4386 et
1043 4326 1100 4398 32;
1125 4347 1201 4386 num
1226 4325 1332 4409 aliqua
1357 4325 1532 4388 masculina
1555 4326 1620 4388 sint

358 4425 540 4488 desinentia
562 4425 594 4487 in
618 4447 650 4507 α,
674 4439 706 4488 et
729 4448 792 4488 non
819 4426 925 4510 potius
950 4427 1056 4489 omnia
1080 4427 1246 4490 feminina.
1283 4427 1345 4490 Sed
1364 4429 1618 4492 communiorem

358 4528 543 4613 opinionem
568 4552 605 4591 ac
628 4528 801 4591 dialectum
826 4529 878 4592 bio
901 4553 1028 4615 quoque
1052 4531 1225 4616 sequimur.

444 4631 615 4694 Feminina
631 4633 663 4694 in
680 4653 701 4696 a
717 4633 824 4695 ornnia
847 4633 1050 4716 discendunt,
1074 4647 1110 4696 ut
1133 4656 1175 4696 ex
1199 4633 1446 4718 exceptionibus
1471 4633 1619 4718 patescit.

359 4733 469 4806 Finita
502 4735 583 4818 ine,
608 4736 795 4818 masculina,
821 4739 986 4822 attonde,
1010 4737 1093 4830 plur.
1119 4737 1247 4818 diaden·
1261 4738 1395 4828 sedada,
1421 4740 1502 4825 plur.
1518 4739 1619 4826 seda·
