3674 5694
588 479 633 536 De
657 480 766 554 Figura
788 481 873 538 Nom.
899 481 1092 541 substantivi.
1429 481 1469 540 25

295 659 333 722 ln
356 681 385 742 ο,
407 671 444 722 ut
466 660 562 726 stttto
585 683 603 724 a
624 662 712 744 saltn,
726 661 874 744 sdcinslto
897 686 915 726 a
928 663 1036 747 scidae
1058 663 1139 748 (nisi
1162 663 1245 726 forte
1269 662 1337 726 haee
1359 661 1399 726 ab
1415 661 1469 726 ad-

204 763 336 846 jectivis
370 765 478 849 potins
515 763 727 841 descendam
765 767 862 832 suttto
896 767 935 830 ab
969 767 1132 851 adjectivo
1155 768 1243 849 salli,
1257 767 1406 850 futasto
1428 765 1469 830 ab

210 865 370 950 adjectivo
383 869 523 950 fridusi,
547 868 631 932 sieut
644 870 793 953 fdut'talto
816 871 1001 952 afdoitsla).

295 971 333 1032 ln
356 973 421 1054 inp,
446 983 482 1034 ut
504 971 634 1053 kairlt'ay
658 973 784 1049 mulier,
809 996 892 1036 uxor
912 997 930 1036 a
952 974 1037 1038 lauri.

296 1075 325 1140 2.
370 1074 581 1157 Diminutiva,
616 1097 674 1160 per
704 1075 951 1140 diminutionem
982 1078 1115 1161 ejusque
1140 1074 1336 1159 peculiarem
1362 1073 1471 1138 termi-

209 1177 372 1240 nationem
396 1177 544 1261 formata‚
568 1190 604 1241 ut
690 1184 694 1192 '

295 1281 332 1343 In
356 1282 421 1365 kin,
444 1283 613 1347 maantam
635 1307 653 1345 a
675 1305 761 1365 maa,
784 1284 838 1346 vel
861 1305 1003 1363 monam

295 1385 332 1448 ln
369 1386 445 1468 tiraq,
479 1397 515 1450 ut
548 1387 681 1469 tymla‘np
715 1392 854 1470 amma,
877 1387 991 1470 titum
1015 1387 1147 1470 altillo,
1170 1385 1261 1470 quasi
1284 1384 1469 1467 laidlalt'nya

208 1488 293 1572 titt,
316 1489 438 1572 kdfliap
462 1512 519 1574 pro
545 1490 699 1572 templinp
723 1514 741 1553 a
762 1491 858 1574 intpp,
882 1492 1025 1573 beealiap
1046 1514 1064 1553 a
1086 1492 1160 1557 been
1183 1501 1241 1552 etc.

622 1679 625 1686 '
675 1679 734 1742 Ab
759 1679 1003 1764 Adjeetivis.

294 1803 321 1862 l.
367 1798 615 1862 Denominativa
649 1823 706 1884 per
740 1813 842 1864 certas
878 1783 1119 1864 terminationes
1155 1800 1296 1884 adjectas
1320 1779 1467 1863 formata

208 1902 326 1982 Quales
350 1904 594 1968 terminationes
618 1918 702 1968 sunt.

293 2007 332 2070 In
364 2008 440 2085 lieet,
475 2031 545 2093 quae
578 2009 709 2072 nomina
743 2008 943 2094 qualitatem,
981 2011 1115 2094 ejusque
1151 2009 1293 2094 speeiem
1328 2008 1468 2094 aliquam

207 2132 334 2196 semper
357 2111 549 2196 significant,
573 2126 609 2174 ut
630 2113 846 2178 tarnadanlaeet
861 2113 901 2176 ab
916 2113 1076 2190 turudum,
1089 2113 1306 2196 pudlaeliplaeet
1322 2113 1468 2196 aquate-

208 2215 263 2296 lr'y,
296 2216 490 2297 stolteliplaeet
518 2217 695 2299 astdtela'p,
719 2216 876 2282 klooltlaeet
899 2240 917 2279 a
939 2217 1041 2295 tuot,
1064 2216 1206 2298 wijslreet
1228 2239 1246 2280 a
1268 2217 1352 2298 maja,
1376 2238 1467 2282 man-

207 2317 318 2400 lt'ylaeet
340 2341 359 2381 a
380 2319 511 2402 manlio,
535 2319 721 2402 wdnliylreet
741 2343 758 2382 a
780 2320 911 2402 nudatio,
933 2320 1100 2403 btlttqteeu
1116 2320 1279 2397 stoorlaeet,
1294 2320 1468 2404 trdnylaeet,

206 2421 383 2504 diaaplreet
407 2422 579 2488 kraallwet
602 2434 663 2485 eto.

292 2524 331 2586 ln
366 2525 440 2607 leet,
475 2548 545 2611 quae
580 2525 678 2588 etiam
712 2525 912 2611 qualitatem,
940 2527 994 2589 vel
1029 2525 1242 2611 quantitatem
1279 2537 1405 2588 notant:
1432 2537 1468 2588 ut

196 2628 334 2712 futtleelr
357 2652 375 2691 a
388 2629 469 2713 fult,
493 2630 651 2695 atarkleela
674 2654 692 2693 a
714 2630 816 2713 staria,
841 2631 1022 2712 wrdapleelr
1037 2653 1055 2692 a
1073 2631 1196 2712 tardam,
1211 2629 1339 2695 kdrleela
1355 2629 1468 2705 alaim

197 2733 325 2817 fiirleela
347 2757 366 2796 a
381 2734 470 2816 fiir,
495 2735 648 2799 stoorleelr
670 2757 688 2797 a
710 2740 806 2812 atuor,
831 2734 975 2816 ldayleelt
998 2756 1016 2797 a
1039 2734 1116 2816 ldnp
1140 2745 1201 2796 eto.

293 2836 330 2899 In
353 2836 433 2912 dom,
458 2859 527 2921 quae
551 2838 649 2900 etiam
672 2837 860 2922 qualitatem
883 2838 953 2900 fere
977 2850 1104 2901 notant:
1129 2851 1165 2900 ut
1187 2837 1341 2918 rt'jltedom
1356 2859 1375 2898 a
1389 2835 1468 2919 rista,

196 2940 373 3023 satta‘qdom
396 2941 540 3024 afattry,
563 2941 731 3006 siuatdom
755 2964 772 3004 a
794 2940 900 3019 sinaut,
924 2941 1101 3006 traaladom
1124 2940 1269 3005 alerent
1292 2951 1352 3002 eto.

293 3043 330 3105 ln
354 3043 424 3120 ala,
448 3056 484 3106 ut
506 3044 629 3110 eadelm
652 3045 691 3108 ab
715 3045 786 3127 aad,
809 3044 973 3110 brddlaslra
995 3067 1013 3106 a
1036 3045 1148 3128 brddla,
1171 3043 1278 3109 teratu
1301 3065 1319 3105 a
1342 3042 1416 3108 laed.

293 3146 330 3209 ln
354 3168 418 3225 mo,
442 3161 478 3210 ut
500 3153 621 3214 atttma
644 3171 662 3212 a
684 3153 761 3225 aaut,
777 3149 901 3232 feetma
925 3171 943 3212 a
956 3148 1038 3232 feet.

292 3250 330 3313 In
364 3251 456 3334 stup,
478 3251 665 3334 echteaalaap
689 3252 728 3316 ab
752 3252 850 3336 eahta,
871 3252 1051 3334 palentiam
1074 3275 1091 3314 a
1111 3252 1217 3335 palen,
1240 3250 1390 3333 dryelaea·
1414 3250 1468 3314 vel

205 3353 428 3436 drarteaslaap
451 3378 468 3417 a
491 3355 635 3422 druetia.

292 3457 331 3520 ln
353 3478 407 3541 aa,
431 3471 467 3520 ut
490 3458 597 3541 lystrae
620 3481 637 3521 a
659 3459 769 3541 instita,
793 3461 953 3539 satrapae,
978 3454 1109 3520 morbus
1133 3479 1151 3519 a
1173 3458 1310 3540 atcimpd.

291 3561 329 3624 ln
353 3563 397 3639 ia,
421 3574 457 3625 ut
479 3563 573 3627 lancta
598 3586 615 3625 a
639 3563 716 3636 leat,
733 3563 845 3644 fldttt'a
868 3584 886 3623 a
901 3562 1000 3643 fluat,
1023 3560 1119 3625 euthia
1142 3559 1182 3623 ab
1205 3582 1253 3625 en.

291 3664 330 3726 In
352 3687 380 3742 o,
404 3678 440 3728 ut
453 3665 612 3750 sdwitalao
636 3689 654 3728 a
667 3665 818 3750 saturitate,
840 3667 988 3746 atdmpao
1012 3685 1030 3726 a
1052 3664 1181 3745 attimpd
1202 3663 1270 3742 (vel
1294 3662 1402 3748 potius
1427 3662 1466 3724 ab

205 3768 276 3852 ipso
298 3768 398 3832 verbo
420 3773 584 3852 stdmpaa)
606 3769 703 3835 utilite
727 3791 745 3831 a
766 3769 845 3832 salit
867 3779 928 3829 ete.

293 3871 331 3933 In
360 3873 423 3954 iay,
446 3884 483 3934 ut
505 3872 633 3954 eulaliam
655 3871 694 3934 ab
714 3870 795 3937 eata
817 3870 870 3933 vel
893 3869 992 3946 autel,
1007 3869 1173 3952 frdmlr'ay
1197 3891 1214 3930 a
1227 3869 1391 3950 fraimmot
1414 3868 1467 3930 vel

197 3974 407 4056 fratmmande
430 3986 490 4038 eto.
536 3975 728 4038 Diminutiv.
752 3973 913 4055 tlooltlinq
938 3996 955 4036 a
978 3971 1078 4037 tlook.

462 4248 493 4313 4.
538 4248 594 4312 De
617 4247 773 4330 Figura
795 4247 901 4311 Nom.
925 4243 1201 4310 Substantivi.

293 4400 478 4464 Secundum
512 4423 607 4486 quam
638 4423 733 4466 omne
762 4401 1000 4465 substantivum
1025 4409 1075 4464 est
1096 4399 1237 4484 simplex
1260 4399 1313 4461 vel
1336 4420 1465 4482 compo-

206 4502 314 4567 situm.
360 4504 551 4589 Simplex,
578 4505 611 4569 in
639 4529 702 4591 quo
729 4505 818 4570 nulla
845 4503 1101 4590 deprehenditur
1122 4502 1329 4587 compositio;
1353 4513 1465 4587 estque

205 4607 258 4670 vel
280 4609 460 4692 proprium,
483 4621 520 4671 ut
543 4607 1057 4694 Par,otoff‚1trtt‚Haas,Jaas
1074 4621 1134 4672 eto.
1152 4607 1205 4669 vel
1222 4604 1465 4691 appellativum.

205 4710 320 4796 Qualia
345 4712 380 4774 in
402 4712 514 4797 lingua
535 4725 644 4777 nostra
667 4726 742 4776 sunt
764 4713 973 4800 perplurima.
1003 4711 1057 4774 Sic
1080 4709 1257 4774 masculina
1279 4715 1465 4799 per'omnea
