3674 5694
472 507 516 566 De
540 506 797 566 Declinatiouibus
820 507 934 566 Formae
958 507 1059 568 Absol.
1083 507 1258 584 Singularis.
1457 509 1498 568 39

237 691 334 754 tionis
358 703 391 754 et
412 691 538 777 generis
561 691 594 753 in
619 691 727 754 dativo
751 703 881 756 manent
904 691 1025 755 similes
1049 691 1258 768 nominativo,
1276 713 1367 754 casus
1390 703 1496 756 autem

238 795 477 858 distinctionem
501 795 572 880 ipsa
595 795 791 858 constructio
815 810 848 858 et
870 817 982 857 sensus
1005 795 1158 859 indicant.
1204 795 1296 858 Idem
1312 794 1349 858 fit
1364 796 1395 858 in
1414 795 1498 858 abla-

238 898 316 976 tivo,
351 921 446 983 quem
477 898 719 983 praepositiones
749 897 812 983 ipsi
847 901 984 982 propriae
1019 899 1190 983 designant
1224 899 1290 983 (lta
1313 899 1410 962 etiam
1435 899 1497 962 Bu-

238 1024 318 1064 raeus
352 1002 384 1064 in
419 1024 476 1065 sua
509 1002 599 1086 tab).
646 1003 683 1064 In
708 1002 823 1087 quibus
853 1015 960 1064 autem
984 1003 1118 1065 vocibus
1141 1002 1316 1066 flectuntur
1339 1002 1372 1064 hi
1396 1025 1497 1077 casus,

238 1105 390 1168 desinunt
416 1106 469 1168 vel
493 1106 525 1168 in
549 1129 565 1170 e
587 1106 640 1168 vel
663 1128 685 1172 a
707 1107 760 1169 vel
783 1106 816 1168 in
840 1127 868 1180 o,
900 1106 1015 1190 saepius
1038 1106 1169 1191 quidem
1194 1107 1226 1168 in
1250 1129 1275 1171 e.
1321 1105 1382 1170 Sed
1406 1106 1497 1168 femi·

238 1209 313 1271 nina
336 1209 367 1271 in
392 1230 424 1285 a,
448 1209 639 1293 regulariter
663 1209 803 1272 formant
825 1210 857 1272 in
882 1231 908 1274 0.

324 1313 393 1375 NB.
439 1312 666 1375 Nobilissimus
702 1312 762 1376 Dn.
799 1311 965 1377 Johannes
989 1313 1120 1376 Buraeus
1145 1313 1221 1375 olim
1246 1313 1351 1398 Regni
1375 1312 1498 1377 Sueciae

238 1415 450 1500 Antiquarius
475 1416 723 1492 Celeberrimus‚
748 1416 787 1479 de
805 1417 910 1502 patria
926 1417 1037 1500 lingua
1056 1417 1192 1478 multum
1213 1440 1288 1480 saue
1307 1417 1450 1495 meritus,
1464 1417 1497 1479 in

238 1541 295 1581 sua
318 1519 427 1582 tabula
450 1519 694 1603 grammaticali,
719 1521 915 1602 generaliter
939 1521 1082 1584 dativum
1107 1520 1211 1583 flectit
1227 1521 1258 1582 in
1275 1544 1301 1603 e,
1318 1544 1375 1605 per
1392 1521 1498 1584 omnia

238 1645 356 1706 genera
390 1637 426 1684 ut
461 1645 572 1687 masc:
596 1645 684 1687 raom
710 1625 839 1688 bri-alconi
863 1625 972 1706 lupia&
995 1624 1071 1687 forn.
1095 1645 1173 1689 caue
1196 1625 1286 1707 bt'llr'p
1309 1625 1419 1705 lauba·
1441 1645 1497 1688 eno

237 1727 406 1790 sambladlt
430 1727 528 1808 lagiae.
564 1726 713 1789 Prostant
736 1741 843 1790 tamen
861 1729 1020 1813 exempla,
1039 1727 1094 1791 ubi
1111 1727 1237 1790 dativus
1256 1728 1352 1790 etiam
1379 1727 1498 1790 desinit

237 1829 270 1891 in
294 1851 320 1905 c,
333 1845 368 1892 ut
392 1829 514 1893 iSam.
541 1833 589 1892 14:
609 1834 647 1895 19
670 1833 754 1895 tiarae
778 1834 957 1896 tianariano
973 1833 1112 1914 iapistua't
1128 1845 1188 1895 etc.
1219 1832 1302 1895 Item
1319 1831 1497 1896 ablativus:

238 1946 274 1996 ut
297 1933 499 1998 meaaialtt'uu
521 1935 572 2016 aff
589 1936 707 2017 quiana
721 1935 815 2018 feda.
852 1934 933 1998 Gen.
957 1937 1008 2000 at:
1037 1939 1073 2000 17
1098 1937 1148 2018 aff
1166 1938 1253 2000 tiarae
1275 1935 1390 2013 lerata·
1415 1933 1495 1997 Gen.

238 2038 289 2099 24:
314 2039 354 2100 59
377 2038 466 2102 aaut
488 2038 604 2103 baanes
626 2059 738 2102 aurato.
785 2039 864 2102 Gen.
892 2043 941 2102 19:
965 2040 1007 2103 30
1029 2040 1098 2104 atat
1113 2061 1190 2104 suae
1206 2040 1417 2122 berpslrrefwo
1436 2051 1496 2102 etc.

325 2141 398 2204 Not.
445 2141 483 2203 ln
508 2140 730 2204 desinentibus
754 2143 786 2203 in
810 2165 825 2205 c
849 2141 977 2204 dativus
1001 2141 1115 2204 similis
1139 2155 1189 2206 est
1212 2141 1427 2206 nominativo:
1445 2142 1497 2204 vel

238 2243 348 2328 potius
372 2243 485 2307 disinit
507 2245 539 2306 in
563 2267 585 2308 a
607 2258 641 2307 ut
665 2246 766 2327 berre,
790 2245 853 2308 dat.
877 2246 987 2321 herrm
1004 2247 1110 2328 botida,
1127 2246 1189 2309 dat.
1217 2247 1319 2310 bovada
1343 2257 1403 2310 etc.
1428 2268 1455 2308 c.
1480 2247 1498 2308 6

238 2346 316 2410 Gifr.
341 2347 398 2410 LL
422 2363 483 2412 etc.
529 2349 566 2411 In
597 2349 781 2411 masculinis
805 2350 837 2410 in
861 2370 878 2413 0
901 2351 922 2412 ti
947 2354 963 2412 ὃ
988 2363 1020 2410 et
1040 2371 1073 2431 y,
1109 2361 1142 2410 et
1170 2348 1335 2412 femininis
1359 2349 1500 2414 incuti

238 2465 271 2512 et
304 2457 332 2529 ii,
361 2451 425 2515 dat.
453 2451 534 2535 sing.
559 2452 656 2514 etiam
676 2455 772 2536 juxta
795 2452 1008 2536 antiquiorem
1032 2451 1207 2515 flexionem
1232 2453 1361 2514 videtur
1384 2453 1497 2516 similis

240 2577 309 2616 esse
334 2554 543 2618 nominativo.
569 2579 594 2618 c.
619 2557 656 2619 31
683 2555 776 2619 Jord.
799 2556 867 2619 LL.
892 2557 984 2620 dona.

324 2659 362 2721 In
396 2680 430 2722 er
453 2658 636 2722 desinentia
659 2659 726 2722 sive
752 2682 847 2722 masc.
871 2659 939 2721 sive
964 2658 1074 2722 semin.
1099 2657 1243 2722 dativum
1269 2659 1388 2722 habent
1412 2661 1498 2723 simi-

143 2777 162 2803 ··
238 2761 302 2824 lem
335 2785 432 2840 nom,
468 2775 504 2825 ut
530 2764 652 2846 scuta
686 2763 822 2846 mediter,
856 2769 970 2845 syster,
1006 2763 1140 2827 brodber
1163 2775 1224 2827 eto.
1271 2763 1441 2826 Feminina
1464 2764 1496 2826 in

239 2880 467 2928 consonantem
503 2866 684 2928 desinentia
718 2867 781 2928 dat.
807 2879 839 2928 et
862 2866 958 2929 ablat.
983 2866 1064 2950 sing.
1090 2866 1210 2928 habent
1233 2867 1371 2928 similem
1396 2868 1497 2929 nomi-

239 2969 357 3032 nativo.
403 2969 479 3034 Vid.
516 2969 600 3032 infra
634 2992 706 3055 pag.
732 2973 782 3034 57.
829 2970 1009 3033 Maseulina
1043 2970 1195 3054 pleraque
1219 2970 1252 3030 in
1275 2991 1299 3034 c.
1344 2970 1497 3048 Quaedam

239 3072 380 3135 formant
402 3073 435 3136 in
459 3075 471 3137 ι’
493 3086 529 3136 ut
553 3073 670 3148 Gudbt',
694 3075 821 3151 smidbt',
837 3074 957 3158 frt'dbi,
983 3074 1070 3138 liutai.

328 3175 435 3238 Dativi
469 3178 569 3240 rarior
603 3189 653 3240 est
681 3199 756 3240 usus
780 3177 811 3239 in
837 3177 948 3262 lingua
972 3177 1126 3252 Suecana,
1151 3200 1223 3239 cum
1248 3177 1311 3240 illae
1335 3188 1497 3240 construc-

240 3279 355 3358 tiones,
389 3302 459 3364 quae
492 3281 525 3342 in
558 3280 628 3342 aliis
664 3281 780 3363 linguis
816 3303 873 3365 per
903 3281 1046 3343 dativum
1071 3281 1306 3364 exprimuntur,
1330 3280 1362 3342 in
1388 3280 1498 3364 lingua

240 3397 348 3446 nostra
371 3384 486 3468 saepius
503 3407 561 3469 per
577 3385 793 3447 accusativum
813 3398 845 3445 et
859 3384 1119 3469 praepositionem
1138 3384 1245 3446 efferri
1262 3384 1497 3448 consueverint.

327 3487 479 3565 Quaenam
514 3510 590 3550 vero
624 3488 754 3551 nomina
788 3487 963 3550 flexionem
987 3487 1088 3550 dativi
1113 3500 1146 3549 et
1169 3487 1301 3550 ablativi
1326 3485 1499 3550 admittant

240 3613 297 3674 per
320 3591 563 3654 terminationes
586 3614 697 3654 omnes
722 3591 828 3653 eundo
851 3591 1070 3654 demonstrare
1093 3613 1143 3652 res
1166 3603 1251 3653 esset
1267 3590 1375 3674 magni
1392 3590 1498 3674 operis

240 3707 273 3756 et
307 3695 526 3778 prolixitatem
561 3696 692 3759 nimiam
722 3718 830 3758 secum
854 3694 1002 3757 haberet:
1027 3695 1102 3757 ideo
1126 3695 1165 3757 ab
1189 3694 1269 3756 istac
1291 3717 1390 3778 opera
1412 3717 1499 3757 nunc

240 3789 468 3883 supersedebo
492 3813 661 3862 contentus
685 3799 717 3862 in
741 3799 819 3883 ipsis
844 3799 1118 3884 paradigmatibus
1142 3821 1184 3861 ex
1207 3797 1385 3880 occasione,
1402 3821 1499 3884 quan-

241 3916 308 3963 tum
332 3900 402 3964 fieri
425 3913 532 3988 potest
554 3902 586 3964 id
610 3902 716 3988 ipsum
740 3902 938 3987 indigitasse.

328 4005 382 4068 De
407 4005 652 4069 Accusativo
677 4019 716 4070 et
738 4006 946 4070 Vocativo.

330 4108 412 4170 Sunt
445 4109 493 4171 illi
523 4131 613 4171 casus
647 4109 680 4171 in
715 4109 825 4193 lingua
849 4110 1003 4184 Suessae,
1030 4122 1066 4170 ut
1089 4107 1195 4192 priore
1220 4106 1325 4191 capite
1349 4106 1500 4190 indigita-

243 4223 309 4273 tum
346 4212 418 4294 fuit,
447 4213 646 4275 nominativo
671 4235 797 4297 semper
821 4213 953 4290 similes,
983 4228 1019 4275 ut
1043 4234 1084 4273 ex
1111 4209 1384 4296 paradigmatibus
1402 4222 1500 4294 patet.

244 4313 307 4390 Sic,
340 4318 387 4380 tia
419 4317 510 4381 berre
530 4317 616 4398 padb
638 4316 712 4380 abal
734 4322 767 4379 tu
789 4317 912 4398 durium
934 4338 973 4380 eu
995 4317 1079 4379 dana
1102 4315 1225 4379 bdaaer
1248 4314 1414 4378 Stuberra
1437 4325 1498 4375 etc.

246 4417 357 4480 Vocat.
392 4422 457 4482 min
491 4419 582 4483 berre
615 4420 670 4484 orb
702 4422 769 4484 mira
790 4419 892 4502 partlm
908 4420 998 4483 berre
1010 4415 1422 4500 yudbbimmelaltesadber
1439 4429 1500 4478 etc.

331 4521 405 4584 Not.
451 4523 596 4607 Antique
620 4537 727 4586 tamen
751 4523 844 4586 aliter
867 4523 912 4585 sic
936 4523 1043 4597 bonde,
1068 4543 1170 4583 aecus.
1189 4520 1334 4585 troadae.
1353 4519 1390 4582 11
1410 4518 1501 4583 Ersd.

243 4623 310 4694 LL.
356 4625 425 4693 Nisi
448 4626 532 4689 forte
557 4627 663 4720 potius
687 4627 887 4698 accusativus
911 4627 966 4697 ille
992 4639 1041 4696 est
1065 4647 1102 4695 er
1127 4624 1230 4696 forma
1246 4621 1427 4718 respectiva
1443 4644 1501 4716 pro
