3674 5694
609 499 653 557 De
677 500 790 557 Generc
814 499 1079 556 Substantivorum.
1431 495 1470 554 27

297 681 468 763 Neutrum,
492 683 582 766 cujus
605 693 682 744 nota
705 694 764 764 est,
786 681 871 766 quod
896 678 1064 744 commode
1089 679 1165 744 addi
1188 691 1296 764 potest
1317 677 1471 742 articulus

212 785 356 848 neutrius
379 785 508 870 generis
531 791 572 850 etl
595 785 648 848 vel
671 785 760 850 utet:
783 797 819 846 ut
841 791 883 849 att
904 788 982 866 itaq,
1006 784 1076 848 dhet
1098 785 1213 864 lingon
1235 787 1276 847 ἀέ
1298 781 1472 856 ἀέκων,ἀά

211 891 356 966 dicaret,
378 895 419 954 etl
432 889 530 973 scicir,
553 889 624 954 utet
637 889 751 972 scirem·
773 894 815 953 eu
838 889 944 964 εέάκά,
968 887 1039 952 utet
1061 887 1205 964 stende&
1227 892 1269 951 etl
1293 886 1380 962 έκωά,
1401 883 1473 950 utet

214 993 320 1058 landet
344 1003 404 1054 etc.

295 1095 485 1176 Commune,
509 1095 600 1179 cujus
623 1106 699 1156 nota
722 1105 780 1170 est,
805 1092 890 1176 quod
915 1091 945 1154 ei
968 1115 1057 1177 seque
1082 1091 1249 1156 commode
1274 1089 1349 1154 addi
1365 1100 1473 1174 potest

211 1197 276 1262 έικκ
299 1199 432 1262 etlam:
455 1198 619 1276 utriculo,
640 1199 769 1280 ρέεάκω
793 1211 853 1258 etc.
871 1217 1003 1278 persora

297 1301 365 1365 NB.
411 1302 611 1386 Quamquam
635 1300 835 1364 substantiva
859 1299 1004 1385 quaedam
1025 1311 1198 1384 utrumque
1222 1319 1337 1361 sexum
1361 1293 1420 1358 sub
1436 1313 1470 1356 se

214 1405 409 1481 contineant,
434 1418 471 1468 ut
492 1405 682 1482 νωωωκέεένέκ,
705 1405 812 1487 ἀέκων,
820 1405 998 1488 ῘάέέᾸάἀν,
1007 1404 1085 1488 fislc,
1103 1416 1137 1467 et
1153 1403 1307 1488 pleraque
1323 1399 1472 1485 piscium,

213 1507 319 1571 avium
344 1509 548 1593 ferarumque
572 1508 703 1572 nomina
726 1522 803 1584 etc.;
827 1521 935 1572 tamen
959 1530 1023 1571 non
1047 1521 1122 1570 sunt
1139 1505 1317 1571 communis
1334 1501 1473 1588 generis,

213 1611 269 1674 sed
298 1611 392 1674 unius
416 1624 551 1694 tantum,
575 1612 628 1674 vel
651 1611 819 1674 masculini
843 1611 896 1674 vel
918 1610 1068 1673 feminini
1092 1611 1144 1674 vel
1168 1609 1307 1673 neutris:
1332 1618 1367 1670 ut
1390 1627 1473 1670 mert-

213 1715 321 1780 nistra
355 1715 503 1777 seminini
537 1728 661 1776 tantum
687 1715 785 1791 (sicut
808 1727 918 1778 contra
942 1714 1025 1798 apud
1051 1713 1178 1777 Graecos
1202 1711 1383 1798 ἅνθρωπος
1406 1731 1473 1772 ma·

214 1818 330 1882 sculini
364 1819 505 1902 tantum)
528 1819 633 1892 ἀέκων,
658 1820 746 1900 fricir
785 1818 930 1880 neutrius
978 1830 1114 1896 tantum,
1146 1818 1225 1902 ficit,
1267 1817 1330 1888 lux,
1366 1814 1473 1890 abbor,

213 1923 334 1987 bracca
356 1922 524 1986 masculini
547 1933 683 1987 tantum.
730 1924 841 2008 Atque
864 1921 967 1985 sicin
990 1921 1123 1985 caeteris.

299 2007 469 2086 Quomodo
492 2030 612 2094 genera
634 2031 719 2072 nom.
745 2008 1019 2072 substantivorum
1044 2018 1287 2092 cognoscantur.

299 2110 545 2196 Cognoscuntur
568 2111 669 2176 tribus
693 2112 854 2198 praecipue
878 2111 982 2175 modis
1008 2113 1034 2174 l.
1049 2110 1313 2195 'Significatione
1342 2110 1372 2172 2.
1396 2107 1475 2170 Ter·

214 2214 399 2288 minatione,
424 2215 453 2278 3.
477 2215 693 2293 Auctoritate,
717 2238 775 2278 seu
800 2216 871 2301 ipso
894 2237 963 2280 usu.

299 2317 374 2382 Not.
422 2318 486 2381 Hic
520 2319 681 2404 praecipue
717 2311 848 2382 solliciti
882 2341 992 2382 sumus
1027 2317 1067 2379 de
1100 2311 1324 2401 cognoscendo
1354 2331 1473 2396 genere

213 2422 379 2484 nominum
403 2423 609 2508 simplicium,
634 2423 702 2485 sive
726 2423 891 2508 primitiva
907 2422 982 2505 sint,
999 2422 1066 2484 sive
1084 2420 1237 2482 derivata.
1270 2417 1320 2480 Eo
1336 2435 1473 2498 namque

214 2525 355 2610 cognito,
390 2526 486 2588 etiarn
522 2526 785 2611 compositorum,
820 2548 890 2611 quae
925 2547 967 2588 ex
1000 2525 1069 2588 istis
1099 2533 1346 2607 componuntur,
1370 2539 1474 2602 genus

212 2628 308 2692 facile
332 2631 546 2714 cognoscitur.
571 2629 758 2715 Composita
782 2630 868 2692 enim
893 2641 1072 2713 sequuntur
1093 2647 1195 2711 genus
1219 2622 1414 2709 simplicium
1433 2643 1474 2682 ex

214 2733 329 2818 quibus
353 2745 602 2818 componuntur,
625 2745 662 2796 ut
685 2746 797 2818 postea
822 2733 970 2817 pluribus
994 2752 1205 2817 exponemus.

607 3014 633 3075 1.
678 3011 736 3074 Ex
760 3010 1095 3097 Significatione.

300 3166 354 3230 Sic
376 3165 590 3228 masculini
613 3167 741 3249 generis
764 3179 857 3229 sunte

302 3275 328 3334 l.
375 3269 491 3332 Omnia
513 3269 656 3332 virorum
690 3271 821 3333 nomina
844 3269 988 3355 propria:
1013 3282 1049 3332 ut
1072 3269 1152 3344 Prir,
1177 3290 1234 3330 seu
1259 3263 1393 3344 Pedhcr,
1416 3259 1474 3326 Jo-

213 3376 287 3450 ton,
311 3374 404 3451 Ενέέν,
429 3372 521 3454 oluff,
547 3372 651 3456 Nielc,
676 3373 806 3438 Ardere
830 3385 890 3436 etc.

300 3480 330 3540 2.
374 3475 572 3560 Populorum
607 3477 738 3538 nomina
772 3488 805 3539 et
828 3476 1049 3561 imperiorum,
1073 3496 1130 3537 seu
1146 3470 1331 3556 rerumpub.
1349 3481 1384 3531 ut
1399 3466 1490 3548 lter'j·'

214 3602 320 3658 suren,
360 3579 482 3654 έκνέκκ,
523 3581 707 3660 specimen,
741 3582 946 3664 fraccescere,
980 3577 1223 3660 enpeldnduren,
1254 3571 1475 3644 hcllr'iudaren,

205 3685 330 3768 jutlen,
352 3704 467 3766 ryccen
490 3695 550 3747 eto.
574 3683 651 3745 item
676 3684 758 3766 lust,
782 3682 917 3754 swercin,
935 3682 1066 3764 palluel,
1082 3683 1183 3764 fiune.

300 3788 329 3851 3.
375 3785 516 3851 Nomina
543 3787 743 3870 cognationis
771 3786 892 3849 virilis:
927 3798 964 3848 ut
987 3785 1122 3868 fadlter,
1157 3782 1299 3862 bredher,
1332 3800 1391 3844 sora
1414 3788 1475 3840 etc.

214 3915 286 3956 cum
312 3889 509 3974 compositis.

300 3997 330 4058 4.
374 3991 564 4055 Officiorum
599 3991 752 4069 virilium,
787 3991 855 4054 sive
879 3988 1110 4073 monosyllaba,
1133 3991 1200 4050 sive
1231 3985 1400 4069 bisyllaba,
1423 3981 1476 4044 vel

215 4096 418 4183 polysyllaba
439 4097 659 4179 cujuscunque
683 4093 930 4176 terminationis,
954 4115 1088 4178 quarum
1113 4092 1235 4176 aliquas
1258 4089 1310 4152 hic
1333 4087 1477 4172 exempli

215 4222 310 4264 causa
343 4198 578 4282 subjungimus.
635 4198 682 4261 Ut
712 4203 818 4280 prust,
839 4204 945 4279 prust,
972 4197 1058 4272 έέοάν,
1084 4196 1203 4274 emedio,
1230 4195 1334 4274 Ιέκέεέέ,
1361 4193 1476 4272 ἀνάωρ,

214 4303 323 4369 trecht
357 4313 430 4374 etc,
453 4315 489 4363 ut
512 4301 648 4384 turnay,
668 4301 812 4382 prophet,
836 4302 938 4382 albot,
958 4306 1040 4383 po'e't,
1072 4300 1187 4381 muj0r,
1219 4302 1341 4377 caesor,
1371 4295 1475 4370 horda,

210 4406 315 4489 foydc,
334 4404 477 4486 profuse,
502 4404 610 4469 έὸἀέκέ
633 4418 705 4478 etc,
730 4416 766 4466 ut
788 4403 938 4481 terrane,
962 4404 1130 4477 contester,
1148 4400 1304 4484 oswersle,
1319 4399 1474 4480 ingrecior,

214 4509 369 4592 capellare,
403 4508 553 4587 oryenist,
578 4508 693 4590 fiolist,
721 4507 922 4590 εέάἀέάέέκνν,
947 4511 1147 4580 secretorum,
1171 4521 1379 4576 cumererare,
1403 4499 1475 4564 sko-

214 4613 356 4692 multare,
378 4608 568 4686 εέννέέάἀκνθ,
595 4611 759 4688 stentare,
789 4609 1144 4686 semimasculum,
1169 4605 1370 4683 εκκνέκωνθ,
1393 4602 1476 4684 witf-

214 4738 301 4784 warc
324 4730 385 4780 etc.
