3648 5696
480 455 524 514 Dc
548 455 724 514 Pronomine
749 455 875 534 Recipr.,
899 455 1015 524 lutera,
1040 457 1171 515 Possess.
1389 455 1449 513 119

342 638 480 694 Masculin.
499 641 527 692 et
545 637 648 693 Femin.
1048 638 1188 693 Neutrum.

197 731 275 792 Acc.
299 729 418 794 lew-illuc
859 728 978 792 lucilla

197 833 276 894 Vcc.
302 844 389 894 caret
861 844 949 894 carel

196 935 272 998 Abl.
296 937 347 1018 aff
364 935 559 1018 hwillcoml),
582 935 699 1000 hwillca
857 936 909 1018 aff
925 935 1083 1018 hwillmm,
1105 935 1225 1000 hwillca

647 1125 676 1188 3.
720 1124 997 1209 Reciprocum.

285 1223 364 1305 siqu
387 1225 440 1287 vel
463 1228 523 1309 sic.

281 1326 391 1392 Omnis
426 1330 553 1414 generis
588 1342 647 1412 est,
681 1343 718 1392 ut
751 1353 820 1416 sup.
846 1329 1026 1413 degenere
1050 1328 1278 1414 pronominum
1302 1327 1456 1392 diximus.

195 1431 255 1494 Est
279 1445 385 1494 autem
409 1432 590 1496 inflexibile
614 1447 710 1518 atque
733 1434 766 1496 in
790 1433 908 1518 plurali
931 1445 1040 1496 manet
1062 1444 1098 1496 ιιι
1120 1432 1152 1494 in
1181 1431 1345 1516 singulari.
1375 1431 1456 1496 Tres

195 1558 287 1598 casus
321 1535 418 1599 habet
453 1537 485 1600 in
515 1551 651 1622 unoque
686 1559 835 1600 numero:
870 1537 1014 1600 dativum
1046 1539 1096 1618 sic
1126 1535 1203 1611 sibi3
1238 1534 1456 1600 accusativum

195 1641 267 1722 sich
289 1662 338 1715 se;
363 1641 458 1705 ablat.
482 1644 533 1726 aff
551 1642 630 1724 ειμι.
676 1641 859 1720 Pluraliter,
883 1641 997 1704 ecdem
1022 1639 1128 1705 modo.

609 1827 641 1894 4.
685 1828 1043 1914 Interrogativum.

282 1947 360 2012 Hc?
383 1962 416 2012 et
437 1948 575 2014 lamudlu?
615 1948 697 2013 Sunt
711 1949 963 2033 indeclinabilia,
980 1949 1064 2013 sicul
1078 1949 1206 2034 quando
1222 1948 1357 2014 relativa
1373 1961 1459 2028 sunl,

197 2063 234 2114 ιιι
251 2053 318 2136 jam
344 2052 479 2117 dictum.

283 2156 419 2222 Haem?
463 2158 603 2221 Tantum
626 2158 807 2242 genitivum
832 2179 930 2222 exse
954 2156 1072 2221 format
1093 2157 1227 2223 limare?

283 2260 321 2322 In
346 2260 479 2345 reliquis
503 2261 651 2324 omnibus
676 2261 802 2325 casibus
825 2260 1006 2324 inflexibile
1031 2273 1149 2324 manet.

284 2362 454 2429 Hwillrea?

284 2466 374 2530 Sicut
409 2468 536 2552 quando
570 2468 740 2532 relativum
776 2481 835 2551 est,
869 2467 914 2529 ita
948 2481 981 2531 et
1013 2466 1066 2530 hic
1099 2467 1255 2530 flectitur:
1286 2466 1372 2529 unde
1396 2489 1459 2529 non

197 2570 314 2633 attinet
336 2571 425 2634 aliud
447 2571 501 2635 hic
523 2573 711 2658 paradigma
734 2593 865 2656 ponere,
890 2593 963 2633 cum
986 2571 1062 2634 inde
1085 2569 1197 2634 haberi
1220 2569 1331 2655 possit.

625 2759 655 2822 5.
700 2757 1034 2821 Posseaaivorum.

534 2879 619 2944 Min.
1116 2877 1177 2942 Tic
1199 2877 1311 2964 [Dia]

286 2983 456 3047 Masculin.
478 2995 512 3046 et
534 2983 695 3047 Feminin.
721 3003 778 3045 seu
802 2982 991 3046 Communis
1015 2982 1161 3046 Generis.

234 3133 239 3144 .
286 3086 374 3170 Sing.

349 3189 431 3243 Maec.
722 3188 796 3242 Fem.
1050 3188 1131 3242 Maec.
1284 3187 1386 3242 Femin.

200 3275 293 3337 Nom.
318 3284 374 3337 min
596 3283 667 3352 mija
691 3273 778 3360 [min]
964 3283 1004 3338 tin
1211 3284 1264 3352 ta'ja
1288 3273 1360 3362 [tin]

201 3376 281 3440 Gen.
305 3386 378 3440 mine
400 3377 487 3464 [min]
496 3379 523 3457 ²)
596 3380 713 3453 mz'y'uel)
737 3376 824 3463 [min]
965 3386 1021 3440 line
1044 3375 1115 3462 [tia]
1214 3385 1283 3455 tijue
1305 3376 1377 3464 [tin]

200 3479 271 3541 Dat.
299 3483 432 3562 mincm⁴)
456 3479 543 3566 [min]
597 3489 682 3556 mejite
705 3479 793 3565 [min]
965 3488 1049 3542 tinum
1072 3478 1144 3566 [tin]
1217 3488 1286 3556 tijne
1308 3479 1380 3566 [tin]

200 3584 279 3644 Ace.
304 3591 361 3646 mia
599 3591 678 3659 mijn,
702 3591 792 3659 mijna
815 3582 902 3668 [min]
964 3590 1004 3645 tin
1214 3590 1278 3658 aja,
1301 3591 1374 3659 ta'y'na
1398 3583 1463 3666 [tin]

204 3684 283 3746 Voc.
309 3693 400 3748 emin
601 3693 706 3761 omijn
732 3684 820 3771 [min]
965 3695 1052 3746 caret
1218 3697 1306 3747 caret

201 3786 278 3851 Abl.
302 3796 346 3868 aff
363 3797 465 3851 minem
488 3786 575 3872 [min]
598 3795 642 3868 aff
661 3797 746 3865 mijnc
768 3785 855 3873 [min]
965 3784 1184 3872 afflinom[tin]
1216 3794 1260 3868 aff
1277 3795 1348 3863 tr'jne

288 3907 376 3972 Plur·

201 4009 295 4074 Nom.
320 4012 427 4096 mine⁵)
450 4007 557 4096 [mina]
601 4018 691 4086 misna
714 4007 820 4096 [mina]
964 4016 1021 4071 tine
1043 4006 1134 4094 [tina]
1215 4017 1289 4085 tijaa
1311 4007 1403 4095 [tina]

202 4109 283 4175 Gen.
306 4121 382 4174 mina
601 4121 691 4188 mijaa
714 4111 820 4198 [mina]
966 4109 1199 4177 tinaPsnouzaa
1216 4121 1290 4190 sijau
1313 4110 1404 4198 [ana]

203 4213 275 4276 Dat.
300 4221 409 4287 acinum,
433 4221 523 4290 muj'na
598 4222 824 4291 mijrrom,mijna
841 4214 947 4301 [mina]
966 4223 1051 4278 tiaom
1217 4223 1325 4292 tijncm,
1349 4222 1422 4289 tijna

1333 4313 1425 4400 [tina]

272 4439 293 4504 ¹)
313 4441 381 4491 Phil.
401 4441 416 4488 3
435 4455 459 4489 v.
481 4440 513 4489 18
532 4435 577 4505 aff
590 4435 720 4490 hwillcom.
757 4439 856 4502 Ephes.
878 4445 889 4488 l
910 4454 934 4488 v.
955 4441 971 4488 6
990 4435 1035 4504 aff
1048 4433 1156 4490 heilka.

273 4527 296 4592 ²)
316 4524 395 4578 Mine
409 4523 482 4594 nude
500 4528 543 4576 Ps.
566 4530 623 4576 119:
645 4529 685 4576 11.

272 4612 685 4682 ³)minesyndsPs.32v.5.
722 4615 766 4664 Ps.
788 4614 905 4663 was.

272 4703 295 4768 ⁴)
313 4702 411 4756 minum
426 4715 559 4771 crannum
576 4701 693 4756 kdadcm
712 4705 755 4753 Pa.
775 4704 816 4753 31:
837 4704 878 4753 12.

274 4791 295 4860 ⁵)
316 4794 359 4845 Pa.
379 4794 421 4844 38:
444 4794 475 4844 ιι
493 4789 563 4845 mine
580 4792 691 4850 cancer
708 4785 898 4869 ccli-srdader.
