<?xml version="1.0" encoding="UTF-8"?>
<!DOCTYPE html PUBLIC "-//W3C//DTD XHTML 1.0 Transitional//EN"
    "http://www.w3.org/TR/xhtml1/DTD/xhtml1-transitional.dtd">
<html xmlns="http://www.w3.org/1999/xhtml" xml:lang="en" lang="en">
 <head>
  <title>
</title>
<meta http-equiv="Content-Type" content="text/html;charset=utf-8" />
  <meta name='ocr-system' content='tesseract 3.04.00' />
  <meta name='ocr-capabilities' content='ocr_page ocr_carea ocr_par ocr_line ocrx_word'/>
</head>
<body>
  <div class='ocr_page' id='page_1' title='image "./grammaticaesvec00aurigoog_0087.png"; bbox 0 0 3674 5694; ppageno 0'>
   <div class='ocr_carea' id='block_1_1' title="bbox 696 510 1292 570">
    <p class='ocr_par' dir='ltr' id='par_1_1' title="bbox 696 510 1292 570">
     <span class='ocr_line' id='line_1_1' title="bbox 696 510 1292 570; baseline -0.003 -2"><span class='ocrx_word' id='word_1_1' title='bbox 696 512 743 570; x_wconf 79' lang='lat' dir='ltr'>Er.</span> <span class='ocrx_word' id='word_1_2' title='bbox 762 511 913 568; x_wconf 83' lang='lat' dir='ltr'>Aurivillii</span> <span class='ocrx_word' id='word_1_3' title='bbox 937 510 1132 568; x_wconf 83' lang='lat' dir='ltr'>Grammatico</span> <span class='ocrx_word' id='word_1_4' title='bbox 1155 511 1292 568; x_wconf 86' lang='lat' dir='ltr'>Svecana.</span> 
     </span>
    </p>
   </div>
   <div class='ocr_carea' id='block_1_2' title="bbox 309 691 1620 4810">
    <p class='ocr_par' dir='ltr' id='par_1_2' title="bbox 353 691 1612 1293">
     <span class='ocr_line' id='line_1_2' title="bbox 439 691 1609 778; baseline -0.003 -21"><span class='ocrx_word' id='word_1_5' title='bbox 439 695 576 758; x_wconf 89' lang='lat' dir='ltr'>Primae</span> <span class='ocrx_word' id='word_1_6' title='bbox 611 695 902 758; x_wconf 80' lang='lat' dir='ltr'>declinationis</span> <span class='ocrx_word' id='word_1_7' title='bbox 943 694 1103 778; x_wconf 85' lang='lat' dir='ltr'>exempla,</span> <span class='ocrx_word' id='word_1_8' title='bbox 1151 693 1415 756; x_wconf 80' lang='lat' dir='ltr'><strong>masculinorum:</strong></span> <span class='ocrx_word' id='word_1_9' title='bbox 1454 691 1609 765; x_wconf 68' lang='lat' dir='ltr'>haustor,</span> 
     </span>
     <span class='ocr_line' id='line_1_3' title="bbox 353 797 1609 886; baseline -0.002 -26"><span class='ocrx_word' id='word_1_10' title='bbox 353 820 437 862; x_wconf 90' lang='lat' dir='ltr'>nom.</span> <span class='ocrx_word' id='word_1_11' title='bbox 463 799 506 883; x_wconf 89' lang='lat' dir='ltr'>pl.</span> <span class='ocrx_word' id='word_1_12' title='bbox 533 820 614 882; x_wconf 87' lang='lat' dir='ltr'>resp.</span> <span class='ocrx_word' id='word_1_13' title='bbox 637 798 842 874; x_wconf 61' lang='lat' dir='ltr'>hausturum</span> <span class='ocrx_word' id='word_1_14' title='bbox 857 798 1008 878; x_wconf 73' lang='lat' dir='ltr'>srdnder,</span> <span class='ocrx_word' id='word_1_15' title='bbox 1034 820 1118 859; x_wconf 89' lang='lat' dir='ltr'>nom.</span> <span class='ocrx_word' id='word_1_16' title='bbox 1144 798 1186 881; x_wconf 93' lang='lat' dir='ltr'>pl.</span> <span class='ocrx_word' id='word_1_17' title='bbox 1212 819 1294 880; x_wconf 83' lang='lat' dir='ltr'><strong>resp.</strong></span> <span class='ocrx_word' id='word_1_18' title='bbox 1310 797 1517 886; x_wconf 58' lang='lat' dir='ltr'>scipiadarum</span> <span class='ocrx_word' id='word_1_19' title='bbox 1539 797 1609 859; x_wconf 75' lang='lat' dir='ltr'>bdu-</span> 
     </span>
     <span class='ocr_line' id='line_1_4' title="bbox 353 899 1609 986; baseline -0.006 -20"><span class='ocrx_word' id='word_1_20' title='bbox 353 903 419 976; x_wconf 81' lang='lat' dir='ltr'>dcr,</span> <span class='ocrx_word' id='word_1_21' title='bbox 444 903 622 978; x_wconf 55' lang='lat' dir='ltr'>teuderam</span> <span class='ocrx_word' id='word_1_22' title='bbox 647 902 749 976; x_wconf 75' lang='lat' dir='ltr'>altor,</span> <span class='ocrx_word' id='word_1_23' title='bbox 774 924 859 962; x_wconf 89' lang='lat' dir='ltr'>nom.</span> <span class='ocrx_word' id='word_1_24' title='bbox 884 901 928 986; x_wconf 90' lang='lat' dir='ltr'>pl.</span> <span class='ocrx_word' id='word_1_25' title='bbox 951 923 1036 985; x_wconf 88' lang='lat' dir='ltr'>resp.</span> <span class='ocrx_word' id='word_1_26' title='bbox 1060 901 1218 978; x_wconf 66' lang='lat' dir='ltr'>adorram·</span> <span class='ocrx_word' id='word_1_27' title='bbox 1241 902 1331 978; x_wconf 73' lang='lat' dir='ltr'>addr,</span> <span class='ocrx_word' id='word_1_28' title='bbox 1357 923 1442 962; x_wconf 88' lang='lat' dir='ltr'>nom.</span> <span class='ocrx_word' id='word_1_29' title='bbox 1466 899 1509 984; x_wconf 90' lang='lat' dir='ltr'>pl.</span> <span class='ocrx_word' id='word_1_30' title='bbox 1525 920 1609 982; x_wconf 85' lang='lat' dir='ltr'>resp.</span> 
     </span>
     <span class='ocr_line' id='line_1_5' title="bbox 354 1003 1612 1088; baseline -0.004 -19"><span class='ocrx_word' id='word_1_31' title='bbox 354 1005 479 1069; x_wconf 78' lang='lat' dir='ltr'>adtirna</span> <span class='ocrx_word' id='word_1_32' title='bbox 515 1017 574 1066; x_wconf 86' lang='lat' dir='ltr'>etc.</span> <span class='ocrx_word' id='word_1_33' title='bbox 619 1004 873 1081; x_wconf 87' lang='lat' dir='ltr'>Femininorum,</span> <span class='ocrx_word' id='word_1_34' title='bbox 906 1005 982 1068; x_wconf 80' lang='lat' dir='ltr'>ltoor</span> <span class='ocrx_word' id='word_1_35' title='bbox 1016 1005 1068 1066; x_wconf 87' lang='lat' dir='ltr'>vel</span> <span class='ocrx_word' id='word_1_36' title='bbox 1096 1005 1182 1085; x_wconf 75' lang='grc' dir='ltr'><strong><em>Ῑιὸὃν,</em></strong></span> <span class='ocrx_word' id='word_1_37' title='bbox 1206 1026 1291 1067; x_wconf 90' lang='lat' dir='ltr'>nom.</span> <span class='ocrx_word' id='word_1_38' title='bbox 1316 1004 1359 1088; x_wconf 91' lang='lat' dir='ltr'>pl.</span> <span class='ocrx_word' id='word_1_39' title='bbox 1383 1026 1467 1087; x_wconf 84' lang='lat' dir='ltr'><strong>resp.</strong></span> <span class='ocrx_word' id='word_1_40' title='bbox 1490 1003 1612 1066; x_wconf 67' lang='lat' dir='ltr'>tuorna</span> 
     </span>
     <span class='ocr_line' id='line_1_6' title="bbox 354 1107 1610 1191; baseline -0.002 -22"><span class='ocrx_word' id='word_1_41' title='bbox 354 1108 408 1170; x_wconf 88' lang='lat' dir='ltr'>vel</span> <span class='ocrx_word' id='word_1_42' title='bbox 443 1108 580 1184; x_wconf 72' lang='grc' dir='ltr'>Ιιόὄνιιας</span> <span class='ocrx_word' id='word_1_43' title='bbox 614 1108 756 1184; x_wconf 72' lang='lat' dir='ltr'>lustror,</span> <span class='ocrx_word' id='word_1_44' title='bbox 791 1130 876 1170; x_wconf 89' lang='lat' dir='ltr'>nom.</span> <span class='ocrx_word' id='word_1_45' title='bbox 910 1108 952 1191; x_wconf 83' lang='lat' dir='ltr'>pl.</span> <span class='ocrx_word' id='word_1_46' title='bbox 977 1109 1174 1185; x_wconf 57' lang='lat' dir='ltr'>hostrorum</span> <span class='ocrx_word' id='word_1_47' title='bbox 1208 1108 1291 1180; x_wconf 72' lang='lat' dir='ltr'>idcir,</span> <span class='ocrx_word' id='word_1_48' title='bbox 1327 1129 1412 1169; x_wconf 87' lang='lat' dir='ltr'>nom.</span> <span class='ocrx_word' id='word_1_49' title='bbox 1447 1107 1491 1191; x_wconf 89' lang='lat' dir='ltr'>pl.</span> <span class='ocrx_word' id='word_1_50' title='bbox 1526 1127 1610 1188; x_wconf 84' lang='lat' dir='ltr'><strong>resp.</strong></span> 
     </span>
     <span class='ocr_line' id='line_1_7' title="bbox 356 1209 1227 1293; baseline -0.003 -19"><span class='ocrx_word' id='word_1_51' title='bbox 356 1211 494 1288; x_wconf 58' lang='lat' dir='ltr'>trimam</span> <span class='ocrx_word' id='word_1_52' title='bbox 516 1217 613 1293; x_wconf 75' lang='lat' dir='ltr'>vulgo</span> <span class='ocrx_word' id='word_1_53' title='bbox 638 1209 785 1286; x_wconf 81' lang='lat' dir='ltr'><strong>dicimus,</strong></span> <span class='ocrx_word' id='word_1_54' title='bbox 808 1211 913 1287; x_wconf 76' lang='lat' dir='ltr'>tuone,</span> <span class='ocrx_word' id='word_1_55' title='bbox 937 1211 1100 1293; x_wconf 73' lang='lat' dir='ltr'>laustrano,</span> <span class='ocrx_word' id='word_1_56' title='bbox 1123 1211 1227 1274; x_wconf 75' lang='lat' dir='ltr'>tricina.</span> 
     </span>
    </p>

    <p class='ocr_par' dir='ltr' id='par_1_3' title="bbox 355 1311 1614 1706">
     <span class='ocr_line' id='line_1_8' title="bbox 442 1311 1611 1398; baseline -0.003 -23"><span class='ocrx_word' id='word_1_57' title='bbox 442 1313 633 1376; x_wconf 89' lang='lat' dir='ltr'>Secundae</span> <span class='ocrx_word' id='word_1_58' title='bbox 667 1313 963 1376; x_wconf 75' lang='lat' dir='ltr'>declinationis</span> <span class='ocrx_word' id='word_1_59' title='bbox 999 1314 1160 1398; x_wconf 81' lang='lat' dir='ltr'>exempla,</span> <span class='ocrx_word' id='word_1_60' title='bbox 1200 1325 1236 1375; x_wconf 88' lang='lat' dir='ltr'>ut</span> <span class='ocrx_word' id='word_1_61' title='bbox 1270 1313 1417 1394; x_wconf 80' lang='lat' dir='ltr'>ltrobbor,</span> <span class='ocrx_word' id='word_1_62' title='bbox 1448 1335 1532 1374; x_wconf 89' lang='lat' dir='ltr'>nom.</span> <span class='ocrx_word' id='word_1_63' title='bbox 1567 1311 1611 1396; x_wconf 94' lang='lat' dir='ltr'>pl.</span> 
     </span>
     <span class='ocr_line' id='line_1_9' title="bbox 355 1410 1614 1502; baseline 0 -24"><span class='ocrx_word' id='word_1_64' title='bbox 355 1410 441 1502; x_wconf 82' lang='lat' dir='ltr'>resp.</span> <span class='ocrx_word' id='word_1_65' title='bbox 465 1417 664 1492; x_wconf 71' lang='lat' dir='ltr'>trobboruur</span> <span class='ocrx_word' id='word_1_66' title='bbox 688 1416 810 1493; x_wconf 78' lang='lat' dir='ltr'>ludher,</span> <span class='ocrx_word' id='word_1_67' title='bbox 834 1417 1008 1494; x_wconf 59' lang='lat' dir='ltr'>ludicram</span> <span class='ocrx_word' id='word_1_68' title='bbox 1025 1420 1133 1500; x_wconf 74' lang='lat' dir='ltr'>piper,</span> <span class='ocrx_word' id='word_1_69' title='bbox 1147 1419 1307 1498; x_wconf 57' lang='lat' dir='ltr'>piperum</span> <span class='ocrx_word' id='word_1_70' title='bbox 1322 1417 1436 1498; x_wconf 52' lang='lat' dir='ltr'>hodor,</span> <span class='ocrx_word' id='word_1_71' title='bbox 1453 1415 1614 1498; x_wconf 47' lang='lat' dir='ltr'>lror&#39;jornut·</span> 
     </span>
     <span class='ocr_line' id='line_1_10' title="bbox 356 1520 1614 1603; baseline -0.002 -19"><span class='ocrx_word' id='word_1_72' title='bbox 356 1521 485 1603; x_wconf 71' lang='lat' dir='ltr'>lerator,</span> <span class='ocrx_word' id='word_1_73' title='bbox 524 1521 704 1596; x_wconf 63' lang='lat' dir='ltr'>iratorum</span> <span class='ocrx_word' id='word_1_74' title='bbox 744 1520 847 1596; x_wconf 73' lang='lat' dir='ltr'>saror,</span> <span class='ocrx_word' id='word_1_75' title='bbox 881 1521 1036 1598; x_wconf 58' lang='lat' dir='ltr'>Italorum</span> <span class='ocrx_word' id='word_1_76' title='bbox 1076 1541 1208 1595; x_wconf 81' lang='lat' dir='ltr'>umrnor,</span> <span class='ocrx_word' id='word_1_77' title='bbox 1242 1539 1426 1596; x_wconf 58' lang='lat' dir='ltr'>animorum</span> <span class='ocrx_word' id='word_1_78' title='bbox 1465 1521 1614 1600; x_wconf 75' lang='lat' dir='ltr'>quianor,</span> 
     </span>
     <span class='ocr_line' id='line_1_11' title="bbox 356 1626 622 1706; baseline -0.011 -18"><span class='ocrx_word' id='word_1_79' title='bbox 356 1626 537 1706; x_wconf 78' lang='lat' dir='ltr'>quinuornu</span> <span class='ocrx_word' id='word_1_80' title='bbox 561 1636 622 1686; x_wconf 91' lang='lat' dir='ltr'>etc.</span> 
     </span>
    </p>

    <p class='ocr_par' dir='ltr' id='par_1_4' title="bbox 354 1726 1616 2222">
     <span class='ocr_line' id='line_1_12' title="bbox 444 1726 1614 1812; baseline -0.002 -22"><span class='ocrx_word' id='word_1_81' title='bbox 444 1728 590 1790; x_wconf 87' lang='lat' dir='ltr'>Tertiae</span> <span class='ocrx_word' id='word_1_82' title='bbox 614 1727 905 1790; x_wconf 79' lang='lat' dir='ltr'>declinationis</span> <span class='ocrx_word' id='word_1_83' title='bbox 941 1728 1101 1812; x_wconf 85' lang='lat' dir='ltr'>exempla,</span> <span class='ocrx_word' id='word_1_84' title='bbox 1130 1727 1390 1809; x_wconf 82' lang='lat' dir='ltr'>masculinorum,</span> <span class='ocrx_word' id='word_1_85' title='bbox 1415 1738 1452 1788; x_wconf 93' lang='lat' dir='ltr'>ut</span> <span class='ocrx_word' id='word_1_86' title='bbox 1468 1726 1614 1802; x_wconf 69' lang='lat' dir='ltr'>inlabitur,</span> 
     </span>
     <span class='ocr_line' id='line_1_13' title="bbox 354 1829 1616 1915; baseline -0.003 -21"><span class='ocrx_word' id='word_1_87' title='bbox 354 1855 440 1895; x_wconf 90' lang='lat' dir='ltr'>nom.</span> <span class='ocrx_word' id='word_1_88' title='bbox 475 1833 518 1915; x_wconf 90' lang='lat' dir='ltr'>pl.</span> <span class='ocrx_word' id='word_1_89' title='bbox 553 1854 637 1915; x_wconf 91' lang='lat' dir='ltr'>resp.</span> <span class='ocrx_word' id='word_1_90' title='bbox 660 1832 860 1909; x_wconf 55' lang='lat' dir='ltr'>liutherum</span> <span class='ocrx_word' id='word_1_91' title='bbox 885 1831 1020 1913; x_wconf 75' lang='lat' dir='ltr'>prirdur,</span> <span class='ocrx_word' id='word_1_92' title='bbox 1040 1832 1228 1913; x_wconf 63' lang='lat' dir='ltr'>pardorum</span> <span class='ocrx_word' id='word_1_93' title='bbox 1250 1831 1392 1913; x_wconf 79' lang='lat' dir='ltr'>tiaswur,</span> <span class='ocrx_word' id='word_1_94' title='bbox 1415 1829 1616 1912; x_wconf 79' lang='lat' dir='ltr'>tlaswurna;</span> 
     </span>
     <span class='ocr_line' id='line_1_14' title="bbox 354 1933 1616 2016; baseline -0.006 -17"><span class='ocrx_word' id='word_1_95' title='bbox 354 1936 531 2016; x_wconf 58' lang='lat' dir='ltr'>lannoyum</span> <span class='ocrx_word' id='word_1_96' title='bbox 566 1935 792 2016; x_wconf 77' lang='lat' dir='ltr'>koartnparau3</span> <span class='ocrx_word' id='word_1_97' title='bbox 828 1934 953 2012; x_wconf 76' lang='lat' dir='ltr'>buitur,</span> <span class='ocrx_word' id='word_1_98' title='bbox 988 1935 1148 1998; x_wconf 74' lang='lat' dir='ltr'>bulturno</span> <span class='ocrx_word' id='word_1_99' title='bbox 1182 1949 1242 1996; x_wconf 85' lang='lat' dir='ltr'>etc.</span> <span class='ocrx_word' id='word_1_100' title='bbox 1288 1933 1544 2013; x_wconf 85' lang='lat' dir='ltr'>Femininorum,</span> <span class='ocrx_word' id='word_1_101' title='bbox 1580 1944 1616 1992; x_wconf 89' lang='lat' dir='ltr'>ut</span> 
     </span>
     <span class='ocr_line' id='line_1_15' title="bbox 354 2036 1615 2122; baseline -0.004 -20"><span class='ocrx_word' id='word_1_102' title='bbox 354 2039 519 2112; x_wconf 80' lang='lat' dir='ltr'>strnndnr,</span> <span class='ocrx_word' id='word_1_103' title='bbox 544 2060 628 2100; x_wconf 90' lang='lat' dir='ltr'>nom.</span> <span class='ocrx_word' id='word_1_104' title='bbox 654 2039 696 2122; x_wconf 92' lang='lat' dir='ltr'>pl.</span> <span class='ocrx_word' id='word_1_105' title='bbox 722 2060 804 2122; x_wconf 85' lang='lat' dir='ltr'>resp.</span> <span class='ocrx_word' id='word_1_106' title='bbox 822 2039 1042 2115; x_wconf 61' lang='lat' dir='ltr'>structuram</span> <span class='ocrx_word' id='word_1_107' title='bbox 1059 2039 1218 2120; x_wconf 81' lang='lat' dir='ltr'>aleefwnr,</span> <span class='ocrx_word' id='word_1_108' title='bbox 1234 2037 1431 2121; x_wconf 58' lang='lat' dir='ltr'>statuorum</span> <span class='ocrx_word' id='word_1_109' title='bbox 1448 2036 1615 2116; x_wconf 73' lang='lat' dir='ltr'>tdrtapur,</span> 
     </span>
     <span class='ocr_line' id='line_1_16' title="bbox 356 2141 1310 2222; baseline -0.003 -15"><span class='ocrx_word' id='word_1_110' title='bbox 356 2143 577 2222; x_wconf 55' lang='lat' dir='ltr'>trinepotum</span> <span class='ocrx_word' id='word_1_111' title='bbox 599 2142 721 2220; x_wconf 75' lang='lat' dir='ltr'>mator,</span> <span class='ocrx_word' id='word_1_112' title='bbox 744 2141 912 2218; x_wconf 67' lang='lat' dir='ltr'>walarum</span> <span class='ocrx_word' id='word_1_113' title='bbox 935 2141 1050 2214; x_wconf 75' lang='lat' dir='ltr'>sittim,</span> <span class='ocrx_word' id='word_1_114' title='bbox 1074 2141 1225 2206; x_wconf 74' lang='lat' dir='ltr'>siciturus</span> <span class='ocrx_word' id='word_1_115' title='bbox 1248 2155 1310 2204; x_wconf 88' lang='lat' dir='ltr'>etc.</span> 
     </span>
    </p>

    <p class='ocr_par' dir='ltr' id='par_1_5' title="bbox 353 2242 1616 2637">
     <span class='ocr_line' id='line_1_17' title="bbox 442 2242 1616 2328; baseline -0.003 -21"><span class='ocrx_word' id='word_1_116' title='bbox 442 2245 597 2323; x_wconf 78' lang='lat' dir='ltr'>Quartae</span> <span class='ocrx_word' id='word_1_117' title='bbox 627 2245 922 2307; x_wconf 81' lang='lat' dir='ltr'>declinationis</span> <span class='ocrx_word' id='word_1_118' title='bbox 958 2245 1118 2328; x_wconf 84' lang='lat' dir='ltr'>exempla,</span> <span class='ocrx_word' id='word_1_119' title='bbox 1148 2244 1409 2318; x_wconf 83' lang='lat' dir='ltr'>masculinorum,</span> <span class='ocrx_word' id='word_1_120' title='bbox 1434 2255 1470 2304; x_wconf 89' lang='lat' dir='ltr'>ut</span> <span class='ocrx_word' id='word_1_121' title='bbox 1493 2242 1616 2317; x_wconf 72' lang='lat' dir='ltr'>ordirer,</span> 
     </span>
     <span class='ocr_line' id='line_1_18' title="bbox 354 2345 1616 2433; baseline -0.001 -23"><span class='ocrx_word' id='word_1_122' title='bbox 354 2371 440 2412; x_wconf 90' lang='lat' dir='ltr'>nom.</span> <span class='ocrx_word' id='word_1_123' title='bbox 465 2349 508 2432; x_wconf 89' lang='lat' dir='ltr'>pl.</span> <span class='ocrx_word' id='word_1_124' title='bbox 533 2371 615 2433; x_wconf 87' lang='lat' dir='ltr'>resp.</span> <span class='ocrx_word' id='word_1_125' title='bbox 639 2349 812 2426; x_wconf 59' lang='lat' dir='ltr'>cecideram</span> <span class='ocrx_word' id='word_1_126' title='bbox 835 2350 962 2430; x_wconf 73' lang='lat' dir='ltr'>sdaprr,</span> <span class='ocrx_word' id='word_1_127' title='bbox 986 2349 1308 2430; x_wconf 57' lang='lat' dir='ltr'>supportaretur,</span> <span class='ocrx_word' id='word_1_128' title='bbox 1332 2345 1498 2421; x_wconf 66' lang='lat' dir='ltr'>sicherus,</span> <span class='ocrx_word' id='word_1_129' title='bbox 1515 2351 1616 2409; x_wconf 76' lang='lat' dir='ltr'>scodr-</span> 
     </span>
     <span class='ocr_line' id='line_1_19' title="bbox 353 2451 1615 2533; baseline -0.004 -17"><span class='ocrx_word' id='word_1_130' title='bbox 353 2473 429 2529; x_wconf 82' lang='lat' dir='ltr'>mer,</span> <span class='ocrx_word' id='word_1_131' title='bbox 464 2456 662 2516; x_wconf 76' lang='lat' dir='ltr'>swdrmema</span> <span class='ocrx_word' id='word_1_132' title='bbox 686 2465 745 2514; x_wconf 87' lang='lat' dir='ltr'>etc.</span> <span class='ocrx_word' id='word_1_133' title='bbox 798 2452 1052 2527; x_wconf 80' lang='lat' dir='ltr'>Femininorum,</span> <span class='ocrx_word' id='word_1_134' title='bbox 1081 2464 1117 2512; x_wconf 87' lang='lat' dir='ltr'>ut</span> <span class='ocrx_word' id='word_1_135' title='bbox 1140 2452 1267 2533; x_wconf 76' lang='lat' dir='ltr'>dypdrr,</span> <span class='ocrx_word' id='word_1_136' title='bbox 1290 2451 1471 2531; x_wconf 56' lang='lat' dir='ltr'>ripariarum</span> <span class='ocrx_word' id='word_1_137' title='bbox 1494 2469 1615 2531; x_wconf 74' lang='lat' dir='ltr'>corpor,</span> 
     </span>
     <span class='ocr_line' id='line_1_20' title="bbox 360 2555 1536 2637; baseline -0.004 -19"><span class='ocrx_word' id='word_1_138' title='bbox 360 2575 514 2636; x_wconf 70' lang='lat' dir='ltr'>corperea</span> <span class='ocrx_word' id='word_1_139' title='bbox 521 2575 532 2632; x_wconf 91' lang='lat'><em>;</em></span> <span class='ocrx_word' id='word_1_140' title='bbox 556 2555 660 2630; x_wconf 74' lang='lat' dir='ltr'>soter,</span> <span class='ocrx_word' id='word_1_141' title='bbox 685 2555 843 2632; x_wconf 59' lang='lat' dir='ltr'>soterum</span> <span class='ocrx_word' id='word_1_142' title='bbox 866 2576 971 2637; x_wconf 72' lang='lat' dir='ltr'>apocr,</span> <span class='ocrx_word' id='word_1_143' title='bbox 995 2575 1153 2636; x_wconf 62' lang='lat' dir='ltr'>spaeram</span> <span class='ocrx_word' id='word_1_144' title='bbox 1176 2574 1294 2629; x_wconf 77' lang='lat' dir='ltr'>resecr,</span> <span class='ocrx_word' id='word_1_145' title='bbox 1318 2573 1454 2617; x_wconf 75' lang='lat' dir='ltr'>rosamo</span> <span class='ocrx_word' id='word_1_146' title='bbox 1477 2566 1536 2614; x_wconf 90' lang='lat' dir='ltr'>etc.</span> 
     </span>
    </p>

    <p class='ocr_par' dir='ltr' id='par_1_6' title="bbox 309 2656 1618 3569">
     <span class='ocr_line' id='line_1_21' title="bbox 441 2656 1616 2736; baseline -0.003 -17"><span class='ocrx_word' id='word_1_147' title='bbox 441 2657 591 2736; x_wconf 74' lang='lat' dir='ltr'>Quintae</span> <span class='ocrx_word' id='word_1_148' title='bbox 615 2658 924 2733; x_wconf 86' lang='lat' dir='ltr'>declinationis,</span> <span class='ocrx_word' id='word_1_149' title='bbox 949 2671 1137 2719; x_wconf 88' lang='lat' dir='ltr'>neutrorum</span> <span class='ocrx_word' id='word_1_150' title='bbox 1160 2657 1194 2718; x_wconf 89' lang='lat' dir='ltr'>in</span> <span class='ocrx_word' id='word_1_151' title='bbox 1217 2657 1362 2718; x_wconf 87' lang='lat' dir='ltr'>vocalem</span> <span class='ocrx_word' id='word_1_152' title='bbox 1387 2656 1616 2732; x_wconf 83' lang='lat' dir='ltr'>desinentium,</span> 
     </span>
     <span class='ocr_line' id='line_1_22' title="bbox 355 2759 1617 2844; baseline -0.002 -21"><span class='ocrx_word' id='word_1_153' title='bbox 355 2761 411 2824; x_wconf 91' lang='lat' dir='ltr'>ubi</span> <span class='ocrx_word' id='word_1_154' title='bbox 434 2783 551 2844; x_wconf 83' lang='lat' dir='ltr'>magna</span> <span class='ocrx_word' id='word_1_155' title='bbox 574 2761 712 2823; x_wconf 89' lang='lat' dir='ltr'>varietas</span> <span class='ocrx_word' id='word_1_156' title='bbox 737 2775 793 2822; x_wconf 92' lang='lat' dir='ltr'>est.</span> <span class='ocrx_word' id='word_1_157' title='bbox 829 2760 891 2823; x_wconf 91' lang='lat' dir='ltr'>Vel</span> <span class='ocrx_word' id='word_1_158' title='bbox 909 2761 993 2822; x_wconf 91' lang='lat' dir='ltr'>enim</span> <span class='ocrx_word' id='word_1_159' title='bbox 1019 2773 1149 2821; x_wconf 90' lang='lat' dir='ltr'>manent·</span> <span class='ocrx_word' id='word_1_160' title='bbox 1172 2760 1290 2822; x_wconf 91' lang='lat' dir='ltr'>similia</span> <span class='ocrx_word' id='word_1_161' title='bbox 1312 2759 1512 2821; x_wconf 86' lang='lat' dir='ltr'>nominativo</span> <span class='ocrx_word' id='word_1_162' title='bbox 1535 2759 1617 2842; x_wconf 81' lang='lat' dir='ltr'>sing.</span> 
     </span>
     <span class='ocr_line' id='line_1_23' title="bbox 356 2863 1617 2946; baseline -0.001 -20"><span class='ocrx_word' id='word_1_163' title='bbox 356 2865 467 2928; x_wconf 88' lang='lat' dir='ltr'>formae</span> <span class='ocrx_word' id='word_1_164' title='bbox 502 2864 672 2940; x_wconf 81' lang='lat' dir='ltr'>absolutae3</span> <span class='ocrx_word' id='word_1_165' title='bbox 707 2877 743 2926; x_wconf 85' lang='lat' dir='ltr'>ut</span> <span class='ocrx_word' id='word_1_166' title='bbox 774 2865 878 2928; x_wconf 81' lang='lat' dir='ltr'>lrt&#39;erto</span> <span class='ocrx_word' id='word_1_167' title='bbox 906 2866 984 2927; x_wconf 86' lang='lat' dir='ltr'>Luc.</span> <span class='ocrx_word' id='word_1_168' title='bbox 1016 2868 1046 2926; x_wconf 81' lang='lat'>4:</span> <span class='ocrx_word' id='word_1_169' title='bbox 1069 2887 1098 2924; x_wconf 89' lang='lat' dir='ltr'>v.</span> <span class='ocrx_word' id='word_1_170' title='bbox 1125 2863 1164 2927; x_wconf 84' lang='lat'>18</span> <span class='ocrx_word' id='word_1_171' title='bbox 1187 2864 1245 2927; x_wconf 74' lang='lat' dir='ltr'>dte</span> <span class='ocrx_word' id='word_1_172' title='bbox 1258 2863 1480 2946; x_wconf 75' lang='lat' dir='ltr'>ftrlrrossadu</span> <span class='ocrx_word' id='word_1_173' title='bbox 1503 2863 1617 2940; x_wconf 72' lang='lat' dir='ltr'>hieria,</span> 
     </span>
     <span class='ocr_line' id='line_1_24' title="bbox 357 2967 1618 3054; baseline -0.001 -24"><span class='ocrx_word' id='word_1_174' title='bbox 357 2992 416 3054; x_wconf 90' lang='lat' dir='ltr'>pro</span> <span class='ocrx_word' id='word_1_175' title='bbox 449 2969 593 3047; x_wconf 63' lang='lat' dir='ltr'>hiertam</span> <span class='ocrx_word' id='word_1_176' title='bbox 628 2981 661 3030; x_wconf 88' lang='lat' dir='ltr'>et</span> <span class='ocrx_word' id='word_1_177' title='bbox 694 2969 726 3030; x_wconf 87' lang='lat' dir='ltr'>in</span> <span class='ocrx_word' id='word_1_178' title='bbox 761 2967 881 3050; x_wconf 92' lang='lat' dir='ltr'>hymno</span> <span class='ocrx_word' id='word_1_179' title='bbox 916 2967 1145 3031; x_wconf 77' lang='lat' dir='ltr'>Ecclesiastico</span> <span class='ocrx_word' id='word_1_180' title='bbox 1182 2967 1230 3031; x_wconf 73' lang='lat' dir='ltr'>aaa</span> <span class='ocrx_word' id='word_1_181' title='bbox 1252 2967 1356 3030; x_wconf 73' lang='lat' dir='ltr'>hairda</span> <span class='ocrx_word' id='word_1_182' title='bbox 1378 2967 1482 3030; x_wconf 73' lang='lat' dir='ltr'>hieria</span> <span class='ocrx_word' id='word_1_183' title='bbox 1501 2971 1562 3048; x_wconf 71' lang='lat' dir='ltr'>pir</span> <span class='ocrx_word' id='word_1_184' title='bbox 1582 2973 1618 3030; x_wconf 83' lang='lat' dir='ltr'>tu</span> 
     </span>
     <span class='ocr_line' id='line_1_25' title="bbox 354 3070 1618 3153; baseline -0.002 -17"><span class='ocrx_word' id='word_1_185' title='bbox 354 3073 437 3137; x_wconf 76' lang='lat' dir='ltr'>werlo</span> <span class='ocrx_word' id='word_1_186' title='bbox 461 3085 533 3135; x_wconf 85' lang='lat' dir='ltr'>etc:</span> <span class='ocrx_word' id='word_1_187' title='bbox 556 3073 660 3136; x_wconf 79' lang='lat' dir='ltr'>altare</span> <span class='ocrx_word' id='word_1_188' title='bbox 684 3071 786 3134; x_wconf 88' lang='lat' dir='ltr'>Paral.</span> <span class='ocrx_word' id='word_1_189' title='bbox 813 3075 862 3134; x_wconf 83' lang='lat'>14:</span> <span class='ocrx_word' id='word_1_190' title='bbox 886 3095 915 3134; x_wconf 87' lang='lat' dir='ltr'>v.</span> <span class='ocrx_word' id='word_1_191' title='bbox 940 3072 960 3134; x_wconf 86' lang='lat'><strong>3</strong></span> <span class='ocrx_word' id='word_1_192' title='bbox 983 3071 1116 3135; x_wconf 64' lang='lat' dir='ltr'>hostade</span> <span class='ocrx_word' id='word_1_193' title='bbox 1139 3073 1207 3135; x_wconf 80' lang='lat' dir='ltr'>bort</span> <span class='ocrx_word' id='word_1_194' title='bbox 1229 3070 1278 3134; x_wconf 77' lang='lat' dir='ltr'>tlte</span> <span class='ocrx_word' id='word_1_195' title='bbox 1291 3071 1496 3153; x_wconf 82' lang='lat' dir='ltr'>fremmunde</span> <span class='ocrx_word' id='word_1_196' title='bbox 1512 3071 1618 3134; x_wconf 83' lang='lat' dir='ltr'>altore</span> 
     </span>
     <span class='ocr_line' id='line_1_26' title="bbox 355 3172 1617 3261; baseline -0.003 -23"><span class='ocrx_word' id='word_1_197' title='bbox 355 3199 413 3261; x_wconf 90' lang='lat' dir='ltr'>pro</span> <span class='ocrx_word' id='word_1_198' title='bbox 449 3177 574 3240; x_wconf 74' lang='lat' dir='ltr'>altares</span> <span class='ocrx_word' id='word_1_199' title='bbox 609 3191 671 3239; x_wconf 89' lang='lat' dir='ltr'>etc.</span> <span class='ocrx_word' id='word_1_200' title='bbox 717 3175 781 3238; x_wconf 88' lang='lat' dir='ltr'>Vel</span> <span class='ocrx_word' id='word_1_201' title='bbox 813 3175 930 3237; x_wconf 89' lang='lat' dir='ltr'>similia</span> <span class='ocrx_word' id='word_1_202' title='bbox 965 3187 1039 3236; x_wconf 88' lang='lat' dir='ltr'>sunt</span> <span class='ocrx_word' id='word_1_203' title='bbox 1066 3197 1150 3235; x_wconf 92' lang='lat' dir='ltr'>nom.</span> <span class='ocrx_word' id='word_1_204' title='bbox 1176 3173 1293 3257; x_wconf 88' lang='lat' dir='ltr'>plurali</span> <span class='ocrx_word' id='word_1_205' title='bbox 1316 3172 1427 3235; x_wconf 85' lang='lat' dir='ltr'>formae</span> <span class='ocrx_word' id='word_1_206' title='bbox 1452 3172 1617 3255; x_wconf 87' lang='lat' dir='ltr'>absolutae,</span> 
     </span>
     <span class='ocr_line' id='line_1_27' title="bbox 309 3277 1617 3363; baseline -0.002 -22"><span class='ocrx_word' id='word_1_207' title='bbox 309 3349 311 3354; x_wconf 9' lang='grc' dir='ltr'><strong>λ</strong></span> <span class='ocrx_word' id='word_1_208' title='bbox 358 3292 393 3341; x_wconf 87' lang='lat' dir='ltr'>ut</span> <span class='ocrx_word' id='word_1_209' title='bbox 412 3280 508 3363; x_wconf 83' lang='lat' dir='ltr'>juxta</span> <span class='ocrx_word' id='word_1_210' title='bbox 530 3278 706 3341; x_wconf 87' lang='lat' dir='ltr'>flexionem</span> <span class='ocrx_word' id='word_1_211' title='bbox 731 3278 944 3362; x_wconf 84' lang='lat' dir='ltr'>antiquiorem</span> <span class='ocrx_word' id='word_1_212' title='bbox 969 3278 1142 3359; x_wconf 88' lang='lat' dir='ltr'>interdum,</span> <span class='ocrx_word' id='word_1_213' title='bbox 1167 3279 1244 3359; x_wconf 78' lang='lat' dir='ltr'>biju,</span> <span class='ocrx_word' id='word_1_214' title='bbox 1269 3299 1296 3340; x_wconf 89' lang='lat' dir='ltr'>e.</span> <span class='ocrx_word' id='word_1_215' title='bbox 1320 3299 1350 3360; x_wconf 86' lang='lat' dir='ltr'>g.</span> <span class='ocrx_word' id='word_1_216' title='bbox 1374 3278 1442 3356; x_wconf 77' lang='lat' dir='ltr'>btja</span> <span class='ocrx_word' id='word_1_217' title='bbox 1458 3278 1531 3359; x_wconf 78' lang='lat' dir='ltr'>ldpa</span> <span class='ocrx_word' id='word_1_218' title='bbox 1546 3277 1617 3340; x_wconf 83' lang='lat' dir='ltr'>alla</span> 
     </span>
     <span class='ocr_line' id='line_1_28' title="bbox 354 3381 1615 3466; baseline -0.004 -18"><span class='ocrx_word' id='word_1_219' title='bbox 354 3383 411 3464; x_wconf 77' lang='lat' dir='ltr'>wt&#39;j</span> <span class='ocrx_word' id='word_1_220' title='bbox 444 3383 498 3447; x_wconf 78' lang='lat' dir='ltr'>och</span> <span class='ocrx_word' id='word_1_221' title='bbox 531 3383 694 3464; x_wconf 78' lang='lat' dir='ltr'>wt&#39;jsuldiis</span> <span class='ocrx_word' id='word_1_222' title='bbox 730 3395 802 3457; x_wconf 90' lang='lat' dir='ltr'>etc.;</span> <span class='ocrx_word' id='word_1_223' title='bbox 836 3383 930 3466; x_wconf 86' lang='lat' dir='ltr'>juxta</span> <span class='ocrx_word' id='word_1_224' title='bbox 966 3381 1177 3444; x_wconf 82' lang='lat' dir='ltr'>recentiorem</span> <span class='ocrx_word' id='word_1_225' title='bbox 1202 3403 1278 3442; x_wconf 87' lang='lat' dir='ltr'>vero</span> <span class='ocrx_word' id='word_1_226' title='bbox 1302 3403 1396 3464; x_wconf 84' lang='lat' dir='ltr'>saepe,</span> <span class='ocrx_word' id='word_1_227' title='bbox 1421 3392 1456 3441; x_wconf 88' lang='lat' dir='ltr'>ut</span> <span class='ocrx_word' id='word_1_228' title='bbox 1478 3381 1615 3457; x_wconf 71' lang='lat' dir='ltr'>hiertam,</span> 
     </span>
     <span class='ocr_line' id='line_1_29' title="bbox 358 3486 709 3569; baseline -0.006 -19"><span class='ocrx_word' id='word_1_229' title='bbox 358 3487 496 3569; x_wconf 73' lang='lat' dir='ltr'>altores,</span> <span class='ocrx_word' id='word_1_230' title='bbox 519 3486 625 3566; x_wconf 80' lang='lat' dir='ltr'>rt&#39;jlrcn</span> <span class='ocrx_word' id='word_1_231' title='bbox 649 3498 709 3548; x_wconf 87' lang='lat' dir='ltr'>etc.</span> 
     </span>
    </p>

    <p class='ocr_par' dir='ltr' id='par_1_7' title="bbox 357 3587 1615 3774">
     <span class='ocr_line' id='line_1_30' title="bbox 441 3587 1615 3671; baseline -0.001 -21"><span class='ocrx_word' id='word_1_232' title='bbox 441 3589 516 3651; x_wconf 87' lang='lat' dir='ltr'>Not.</span> <span class='ocrx_word' id='word_1_233' title='bbox 563 3588 767 3671; x_wconf 84' lang='lat' dir='ltr'>Regulariter</span> <span class='ocrx_word' id='word_1_234' title='bbox 801 3587 963 3650; x_wconf 88' lang='lat' dir='ltr'>diceretur</span> <span class='ocrx_word' id='word_1_235' title='bbox 996 3587 1147 3660; x_wconf 72' lang='lat' dir='ltr'>hiericus,</span> <span class='ocrx_word' id='word_1_236' title='bbox 1182 3587 1236 3648; x_wconf 81' lang='lat' dir='ltr'>vel</span> <span class='ocrx_word' id='word_1_237' title='bbox 1269 3587 1447 3663; x_wconf 63' lang='lat' dir='ltr'>biertanam</span> <span class='ocrx_word' id='word_1_238' title='bbox 1482 3587 1615 3668; x_wconf 55' lang='lat' dir='ltr'>mellanc,</span> 
     </span>
     <span class='ocr_line' id='line_1_31' title="bbox 357 3688 1414 3774; baseline -0.006 -18"><span class='ocrx_word' id='word_1_239' title='bbox 357 3693 518 3757; x_wconf 75' lang='lat' dir='ltr'>aitarens:</span> <span class='ocrx_word' id='word_1_240' title='bbox 542 3691 625 3754; x_wconf 92' lang='lat' dir='ltr'>sicut</span> <span class='ocrx_word' id='word_1_241' title='bbox 648 3703 762 3754; x_wconf 87' lang='lat' dir='ltr'>caetera</span> <span class='ocrx_word' id='word_1_242' title='bbox 784 3691 818 3752; x_wconf 89' lang='lat' dir='ltr'>in</span> <span class='ocrx_word' id='word_1_243' title='bbox 841 3713 866 3773; x_wconf 86' lang='lat' dir='ltr'>e,</span> <span class='ocrx_word' id='word_1_244' title='bbox 890 3713 1025 3774; x_wconf 90' lang='lat' dir='ltr'>quorum</span> <span class='ocrx_word' id='word_1_245' title='bbox 1050 3690 1201 3773; x_wconf 85' lang='lat' dir='ltr'>exempla</span> <span class='ocrx_word' id='word_1_246' title='bbox 1224 3688 1276 3752; x_wconf 91' lang='lat' dir='ltr'>hic</span> <span class='ocrx_word' id='word_1_247' title='bbox 1300 3691 1414 3774; x_wconf 90' lang='lat' dir='ltr'>posita.</span> 
     </span>
    </p>

    <p class='ocr_par' dir='ltr' id='par_1_8' title="bbox 350 3791 1618 4084">
     <span class='ocr_line' id='line_1_32' title="bbox 444 3791 1618 3876; baseline -0.003 -19"><span class='ocrx_word' id='word_1_248' title='bbox 444 3795 506 3857; x_wconf 90' lang='lat' dir='ltr'>Vel</span> <span class='ocrx_word' id='word_1_249' title='bbox 529 3794 702 3856; x_wconf 88' lang='lat' dir='ltr'>flectuntur</span> <span class='ocrx_word' id='word_1_250' title='bbox 725 3795 758 3856; x_wconf 89' lang='lat' dir='ltr'>in</span> <span class='ocrx_word' id='word_1_251' title='bbox 774 3817 789 3859; x_wconf 86' lang='lat' dir='ltr'>e</span> <span class='ocrx_word' id='word_1_252' title='bbox 806 3793 953 3856; x_wconf 89' lang='lat' dir='ltr'>addendo</span> <span class='ocrx_word' id='word_1_253' title='bbox 984 3793 1081 3855; x_wconf 90' lang='lat' dir='ltr'>videl.</span> <span class='ocrx_word' id='word_1_254' title='bbox 1106 3816 1121 3858; x_wconf 82' lang='lat' dir='ltr'>c</span> <span class='ocrx_word' id='word_1_255' title='bbox 1143 3792 1182 3855; x_wconf 93' lang='lat' dir='ltr'>ad</span> <span class='ocrx_word' id='word_1_256' title='bbox 1195 3815 1280 3854; x_wconf 90' lang='lat' dir='ltr'>nom.</span> <span class='ocrx_word' id='word_1_257' title='bbox 1298 3793 1380 3876; x_wconf 90' lang='lat' dir='ltr'>plur.</span> <span class='ocrx_word' id='word_1_258' title='bbox 1397 3791 1490 3854; x_wconf 89' lang='lat' dir='ltr'>form.</span> <span class='ocrx_word' id='word_1_259' title='bbox 1504 3792 1618 3874; x_wconf 83' lang='lat' dir='ltr'>absol,</span> 
     </span>
     <span class='ocr_line' id='line_1_33' title="bbox 356 3895 1616 3980; baseline -0.002 -20"><span class='ocrx_word' id='word_1_260' title='bbox 356 3911 393 3961; x_wconf 88' lang='lat' dir='ltr'>ut</span> <span class='ocrx_word' id='word_1_261' title='bbox 426 3899 504 3980; x_wconf 63' lang='lat' dir='ltr'>aaa,</span> <span class='ocrx_word' id='word_1_262' title='bbox 528 3899 631 3980; x_wconf 50' lang='lat' dir='ltr'>baja&amp;</span> <span class='ocrx_word' id='word_1_263' title='bbox 653 3899 740 3980; x_wconf 80' lang='lat' dir='ltr'>bosa,</span> <span class='ocrx_word' id='word_1_264' title='bbox 764 3899 876 3974; x_wconf 82' lang='lat' dir='ltr'>boone;</span> <span class='ocrx_word' id='word_1_265' title='bbox 899 3897 1024 3972; x_wconf 69' lang='lat' dir='ltr'>staldo,</span> <span class='ocrx_word' id='word_1_266' title='bbox 1049 3897 1199 3973; x_wconf 56' lang='lat' dir='ltr'>strateium</span> <span class='ocrx_word' id='word_1_267' title='bbox 1222 3897 1341 3972; x_wconf 71' lang='lat' dir='ltr'>lentitia,</span> <span class='ocrx_word' id='word_1_268' title='bbox 1365 3895 1487 3972; x_wconf 55' lang='lat' dir='ltr'>landum</span> <span class='ocrx_word' id='word_1_269' title='bbox 1502 3897 1616 3978; x_wconf 74' lang='lat' dir='ltr'>frida,</span> 
     </span>
     <span class='ocr_line' id='line_1_34' title="bbox 350 4003 535 4084; baseline -0.011 -20"><span class='ocrx_word' id='word_1_270' title='bbox 350 4003 451 4084; x_wconf 74' lang='lat' dir='ltr'>fuine</span> <span class='ocrx_word' id='word_1_271' title='bbox 474 4013 535 4064; x_wconf 88' lang='lat' dir='ltr'>etc.</span> 
     </span>
    </p>

    <p class='ocr_par' dir='ltr' id='par_1_9' title="bbox 357 4101 1618 4290">
     <span class='ocr_line' id='line_1_35' title="bbox 444 4101 1618 4187; baseline -0.003 -20"><span class='ocrx_word' id='word_1_272' title='bbox 444 4105 508 4167; x_wconf 92' lang='lat' dir='ltr'>Vel</span> <span class='ocrx_word' id='word_1_273' title='bbox 530 4103 705 4166; x_wconf 84' lang='lat' dir='ltr'>flectuntur</span> <span class='ocrx_word' id='word_1_274' title='bbox 728 4104 761 4164; x_wconf 92' lang='lat' dir='ltr'>in</span> <span class='ocrx_word' id='word_1_275' title='bbox 785 4125 822 4166; x_wconf 81' lang='lat' dir='ltr'>en</span> <span class='ocrx_word' id='word_1_276' title='bbox 845 4101 969 4164; x_wconf 89' lang='lat' dir='ltr'>scilicet</span> <span class='ocrx_word' id='word_1_277' title='bbox 992 4103 1032 4166; x_wconf 87' lang='lat' dir='ltr'>ad</span> <span class='ocrx_word' id='word_1_278' title='bbox 1056 4103 1314 4164; x_wconf 86' lang='lat' dir='ltr'>terminationem</span> <span class='ocrx_word' id='word_1_279' title='bbox 1338 4103 1529 4165; x_wconf 87' lang='lat' dir='ltr'>nominativi</span> <span class='ocrx_word' id='word_1_280' title='bbox 1545 4104 1618 4187; x_wconf 90' lang='lat' dir='ltr'>plu-</span> 
     </span>
     <span class='ocr_line' id='line_1_36' title="bbox 357 4206 1617 4290; baseline 0 -20"><span class='ocrx_word' id='word_1_281' title='bbox 357 4208 433 4272; x_wconf 88' lang='lat' dir='ltr'>ralis</span> <span class='ocrx_word' id='word_1_282' title='bbox 456 4228 505 4288; x_wconf 82' lang='lat' dir='ltr'>ora,</span> <span class='ocrx_word' id='word_1_283' title='bbox 536 4206 662 4290; x_wconf 87' lang='lat' dir='ltr'>adjecto</span> <span class='ocrx_word' id='word_1_284' title='bbox 685 4228 740 4271; x_wconf 80' lang='lat' dir='ltr'>ca:</span> <span class='ocrx_word' id='word_1_285' title='bbox 763 4217 799 4268; x_wconf 91' lang='lat' dir='ltr'>ut</span> <span class='ocrx_word' id='word_1_286' title='bbox 821 4210 910 4287; x_wconf 69' lang='lat' dir='ltr'>oport,</span> <span class='ocrx_word' id='word_1_287' title='bbox 933 4228 1018 4268; x_wconf 87' lang='lat' dir='ltr'>nom.</span> <span class='ocrx_word' id='word_1_288' title='bbox 1043 4206 1086 4290; x_wconf 93' lang='lat' dir='ltr'>pl.</span> <span class='ocrx_word' id='word_1_289' title='bbox 1111 4227 1194 4289; x_wconf 87' lang='lat' dir='ltr'>resp.</span> <span class='ocrx_word' id='word_1_290' title='bbox 1216 4211 1355 4287; x_wconf 64' lang='lat' dir='ltr'>iponem</span> <span class='ocrx_word' id='word_1_291' title='bbox 1377 4211 1465 4288; x_wconf 72' lang='lat' dir='ltr'>droa,</span> <span class='ocrx_word' id='word_1_292' title='bbox 1488 4211 1617 4270; x_wconf 71' lang='lat' dir='ltr'>tronea.</span> 
     </span>
    </p>

    <p class='ocr_par' dir='ltr' id='par_1_10' title="bbox 348 4309 1620 4810">
     <span class='ocr_line' id='line_1_37' title="bbox 444 4309 1618 4392; baseline -0.002 -19"><span class='ocrx_word' id='word_1_293' title='bbox 444 4311 573 4374; x_wconf 85' lang='lat' dir='ltr'>Sextae</span> <span class='ocrx_word' id='word_1_294' title='bbox 604 4309 913 4391; x_wconf 83' lang='lat' dir='ltr'>declinationis,</span> <span class='ocrx_word' id='word_1_295' title='bbox 936 4321 1134 4381; x_wconf 90' lang='lat' dir='ltr'>neutrorum,</span> <span class='ocrx_word' id='word_1_296' title='bbox 1147 4309 1179 4370; x_wconf 88' lang='lat' dir='ltr'>in</span> <span class='ocrx_word' id='word_1_297' title='bbox 1197 4332 1368 4372; x_wconf 90' lang='lat' dir='ltr'>consonam</span> <span class='ocrx_word' id='word_1_298' title='bbox 1386 4309 1618 4392; x_wconf 84' lang='lat' dir='ltr'>desinentium,</span> 
     </span>
     <span class='ocr_line' id='line_1_38' title="bbox 355 4411 1620 4499; baseline -0.001 -21"><span class='ocrx_word' id='word_1_299' title='bbox 355 4438 425 4499; x_wconf 87' lang='lat' dir='ltr'>quae</span> <span class='ocrx_word' id='word_1_300' title='bbox 458 4414 545 4477; x_wconf 87' lang='lat' dir='ltr'>hunc</span> <span class='ocrx_word' id='word_1_301' title='bbox 577 4412 810 4476; x_wconf 88' lang='lat' dir='ltr'>nominativum</span> <span class='ocrx_word' id='word_1_302' title='bbox 847 4413 1003 4496; x_wconf 89' lang='lat' dir='ltr'>pluralem</span> <span class='ocrx_word' id='word_1_303' title='bbox 1026 4411 1165 4474; x_wconf 89' lang='lat' dir='ltr'>formant</span> <span class='ocrx_word' id='word_1_304' title='bbox 1188 4413 1220 4474; x_wconf 90' lang='lat' dir='ltr'>in</span> <span class='ocrx_word' id='word_1_305' title='bbox 1245 4433 1293 4487; x_wconf 80' lang='lat' dir='ltr'>eu,</span> <span class='ocrx_word' id='word_1_306' title='bbox 1317 4424 1439 4474; x_wconf 89' lang='lat' dir='ltr'>mutata</span> <span class='ocrx_word' id='word_1_307' title='bbox 1462 4413 1620 4477; x_wconf 89' lang='lat' dir='ltr'>videlicet</span> 
     </span>
     <span class='ocr_line' id='line_1_39' title="bbox 355 4515 1616 4601; baseline 0 -21"><span class='ocrx_word' id='word_1_308' title='bbox 355 4517 583 4580; x_wconf 88' lang='lat' dir='ltr'>terminatione</span> <span class='ocrx_word' id='word_1_309' title='bbox 619 4539 703 4578; x_wconf 90' lang='lat' dir='ltr'>nom.</span> <span class='ocrx_word' id='word_1_310' title='bbox 739 4515 909 4600; x_wconf 85' lang='lat' dir='ltr'>singularis</span> <span class='ocrx_word' id='word_1_311' title='bbox 947 4522 975 4578; x_wconf 83' lang='lat' dir='ltr'>et</span> <span class='ocrx_word' id='word_1_312' title='bbox 1008 4516 1041 4577; x_wconf 94' lang='lat' dir='ltr'>in</span> <span class='ocrx_word' id='word_1_313' title='bbox 1065 4535 1123 4592; x_wconf 54' lang='grc' dir='ltr'>ειη</span> <span class='ocrx_word' id='word_1_314' title='bbox 1146 4527 1181 4576; x_wconf 92' lang='lat' dir='ltr'>ut</span> <span class='ocrx_word' id='word_1_315' title='bbox 1205 4515 1328 4597; x_wconf 80' lang='lat' dir='ltr'>lambet,</span> <span class='ocrx_word' id='word_1_316' title='bbox 1352 4538 1436 4578; x_wconf 92' lang='lat' dir='ltr'>nom.</span> <span class='ocrx_word' id='word_1_317' title='bbox 1462 4517 1505 4600; x_wconf 90' lang='lat' dir='ltr'>pl.</span> <span class='ocrx_word' id='word_1_318' title='bbox 1530 4538 1616 4601; x_wconf 90' lang='lat' dir='ltr'>resp.</span> 
     </span>
     <span class='ocr_line' id='line_1_40' title="bbox 358 4618 1619 4703; baseline -0.001 -18"><span class='ocrx_word' id='word_1_319' title='bbox 358 4621 499 4698; x_wconf 67' lang='lat' dir='ltr'>lumbam</span> <span class='ocrx_word' id='word_1_320' title='bbox 535 4621 649 4692; x_wconf 82' lang='lat' dir='ltr'>landet,</span> <span class='ocrx_word' id='word_1_321' title='bbox 681 4642 767 4682; x_wconf 91' lang='lat' dir='ltr'>nom.</span> <span class='ocrx_word' id='word_1_322' title='bbox 792 4620 833 4703; x_wconf 90' lang='lat' dir='ltr'>pl.</span> <span class='ocrx_word' id='word_1_323' title='bbox 866 4619 1000 4696; x_wconf 66' lang='lat' dir='ltr'>landem</span> <span class='ocrx_word' id='word_1_324' title='bbox 1022 4618 1160 4702; x_wconf 65' lang='lat' dir='ltr'>brefwet</span> <span class='ocrx_word' id='word_1_325' title='bbox 1184 4619 1339 4701; x_wconf 64' lang='lat' dir='ltr'>trp‘wem</span> <span class='ocrx_word' id='word_1_326' title='bbox 1362 4622 1467 4700; x_wconf 79' lang='lat' dir='ltr'>tiupet,</span> <span class='ocrx_word' id='word_1_327' title='bbox 1491 4622 1619 4701; x_wconf 65' lang='lat' dir='ltr'>tinpem</span> 
     </span>
     <span class='ocr_line' id='line_1_41' title="bbox 348 4723 1555 4810; baseline 0.002 -24"><span class='ocrx_word' id='word_1_328' title='bbox 348 4723 464 4810; x_wconf 75' lang='lat' dir='ltr'>folket,</span> <span class='ocrx_word' id='word_1_329' title='bbox 478 4724 613 4806; x_wconf 67' lang='lat' dir='ltr'>follem</span> <span class='ocrx_word' id='word_1_330' title='bbox 626 4723 738 4808; x_wconf 82' lang='lat' dir='ltr'>fallet,</span> <span class='ocrx_word' id='word_1_331' title='bbox 753 4723 879 4806; x_wconf 65' lang='lat' dir='ltr'>follem</span> <span class='ocrx_word' id='word_1_332' title='bbox 902 4729 1045 4798; x_wconf 82' lang='lat' dir='ltr'>rummet,</span> <span class='ocrx_word' id='word_1_333' title='bbox 1069 4741 1231 4799; x_wconf 64' lang='lat' dir='ltr'>rammam</span> <span class='ocrx_word' id='word_1_334' title='bbox 1255 4723 1350 4805; x_wconf 79' lang='lat' dir='ltr'>benet,</span> <span class='ocrx_word' id='word_1_335' title='bbox 1375 4725 1470 4794; x_wconf 77' lang='lat' dir='ltr'>tenea</span> <span class='ocrx_word' id='word_1_336' title='bbox 1494 4735 1555 4788; x_wconf 87' lang='lat' dir='ltr'>etc.</span> 
     </span>
    </p>
   </div>
   <div class='ocr_carea' id='block_1_3' title="bbox 0 0 1843 5694">
    <p class='ocr_par' dir='ltr' id='par_1_11' title="bbox 0 0 1843 5694">
     <span class='ocr_line' id='line_1_42' title="bbox 0 0 1843 5694; baseline 0 0"><span class='ocrx_word' id='word_1_337' title='bbox 0 0 1843 5694; x_wconf 95' lang='lat' dir='ltr'> </span> 
     </span>
    </p>
   </div>
  </div>
 </body>
</html>
