3648 5696
569 498 612 555 De
637 497 842 554 Declinatioue
869 497 1095 573 Adjectivorum.
1408 501 1464 556 101

292 681 329 743 ln
365 680 533 764 adjectivis
557 703 619 743 non
645 681 775 744 tradunt
798 680 997 764 grammatici
1022 680 1143 765 aliquas
1167 681 1346 766 peculiares
1371 695 1466 766 atque

206 785 372 846 distinctas
397 784 639 862 declinationes,
669 799 705 846 ut
727 785 759 846 in
781 784 1000 859 substantivis,
1025 785 1093 846 sive
1117 784 1202 868 quod
1226 807 1289 846 non
1313 784 1358 847 ita
1382 808 1466 846 com-

206 888 299 950 mode
334 887 405 950 fieri
431 902 537 972 queat,
563 889 631 950 sive
655 888 740 972 quod
766 888 870 950 minus
894 888 1108 950 necessarium
1135 887 1298 961 videatur;
1320 889 1374 948 sed
1401 889 1465 972 ple-

204 1013 340 1075 rumque
364 991 430 1068 illa,
454 991 507 1054 vel
531 992 675 1067 seorsim,
699 992 751 1054 vel
775 991 972 1074 conjunctim
998 1013 1069 1052 cum
1095 990 1303 1053 substantivis
1331 1013 1388 1075 per
1406 991 1467 1054 tria

204 1116 324 1179 genera
347 1094 568 1166 masculinum,
594 1093 669 1157 fem.
696 1107 728 1157 et
751 1113 838 1158 neut.
863 1093 1029 1156 inflectere
1054 1106 1148 1178 atque
1173 1093 1334 1156 declinare
1352 1096 1465 1156 solent.

293 1197 327 1259 Si
362 1221 439 1259 vero
464 1199 643 1281 peculiares
667 1198 781 1282 aliquae
805 1197 857 1260 hic
881 1198 1058 1260 statuendae
1083 1209 1190 1260 essent
1215 1197 1465 1271 declinationes;

205 1301 258 1362 vel
293 1302 391 1364 simili
425 1301 532 1386 aliquo
557 1301 652 1363 modo
675 1300 778 1383 fieret,
802 1324 865 1386 quo
889 1301 921 1362 in
946 1301 1155 1363 substantivis
1180 1317 1228 1362 est
1252 1301 1389 1377 factum3
1413 1302 1467 1364 vel

207 1405 383 1466 secundum
420 1405 563 1467 diversas
597 1405 840 1468 terminationes
876 1405 1166 1488 distinguerentur3
1202 1418 1257 1467 aut
1290 1405 1466 1468 secundum

206 1507 267 1571 tria
301 1531 431 1592 genera,
467 1521 531 1571 tres
566 1531 693 1592 quoque
729 1509 888 1571 distinctae
923 1509 1195 1571 constituerentur
1234 1509 1466 1571 declinationes

209 1613 470 1688 masculinorum,
488 1611 598 1673 femin.
617 1626 649 1674 et
665 1624 869 1688 neutrorum3
887 1625 942 1674 aut
957 1613 1011 1685 ita,
1028 1625 1064 1674 ut
1080 1635 1142 1674 una
1159 1624 1354 1675 statueretur
1371 1613 1469 1675 decli-

207 1715 295 1777 natio
329 1739 451 1794 eorum,
476 1739 545 1800 quae
569 1729 644 1779 sunt
667 1718 770 1778 omnis
794 1717 932 1800 generis,
949 1716 1049 1778 altera
1067 1738 1188 1789 eorum,
1205 1739 1275 1800 quaa
1291 1729 1366 1780 sunt
1382 1739 1466 1780 com·

206 1819 311 1882 munis
335 1819 473 1904 generis,
497 1820 593 1882 tertia
616 1842 737 1902 corum,
761 1843 831 1904 quae
855 1833 929 1882 sunt
950 1820 1078 1904 generis
1102 1820 1258 1882 neutrius.
1305 1819 1369 1882 Sed
1394 1843 1466 1883 cum

206 1921 277 2005 hoo,
301 1935 397 2007 prout
420 1945 471 1986 res
495 1923 655 2008 exigeret,
676 1923 840 1997 diducere,
865 1923 1000 1986 arduum
1024 1923 1100 1986 tatis
1129 1935 1162 1986 et
1180 1923 1344 2008 prolixum
1361 1923 1467 2003 nimis,

206 2025 352 2090 fortassis
385 2027 482 2090 etiam
511 2050 572 2090 nec
595 2028 732 2090 multum
757 2049 862 2111 operae
887 2027 1027 2112 pretium
1051 2027 1147 2105 foret,
1170 2027 1232 2090 ista
1255 2027 1466 2091 meditatione

207 2129 268 2194 boc
301 2143 446 2216 tempore
480 2131 685 2215 supersedeo,
720 2145 888 2215 utramque
917 2130 1092 2193 flexionem
1117 2131 1279 2216 antiquam
1305 2145 1338 2193 et
1359 2153 1468 2194 recen·

207 2233 334 2316 tiorem,
362 2247 516 2297 consueto
546 2256 645 2312 more,
671 2256 727 2319 per
751 2235 812 2297 tria
834 2256 954 2319 genera
977 2234 1175 2317 conjunctim
1198 2234 1340 2298 breviter
1364 2257 1466 2320 expo-

210 2337 311 2400 suisse
336 2351 517 2402 contentus.

295 2441 349 2503 De
375 2442 623 2527 Antiquiore
649 2441 854 2506 Flexione.

294 2545 361 2608 NB.
408 2546 447 2609 In
482 2545 540 2608 hac
575 2545 768 2630 exponenda
796 2567 910 2629 sequar
933 2545 1136 2629 potissimum
1162 2544 1294 2607 ductum
1318 2545 1468 2608 Celeber-

207 2649 280 2712 rimi
315 2649 390 2713 doh.
427 2650 543 2728 Buraei,
578 2662 691 2734 utpote
720 2649 752 2711 in
776 2649 887 2733 lingua
910 2649 1013 2733 patria
1037 2649 1167 2734 antiqua
1190 2649 1411 2727 versatissimi,
1435 2651 1469 2712 in

209 2752 289 2816 Tab.
314 2752 421 2816 Gram.
465 2753 517 2816 Sic
540 2753 639 2838 igitur

294 2856 464 2919 Genitivus
500 2857 580 2940 sing.
618 2855 737 2918 desinit
759 2855 792 2917 in
816 2875 843 2930 a,
868 2867 931 2916 tam
956 2854 987 2916 in
1013 2855 1144 2918 mascul.
1169 2868 1201 2917 et
1225 2855 1347 2938 femin,
1372 2878 1466 2940 quam

208 2960 346 3022 neutris:
371 2961 591 3044 formaturque
617 2959 764 3021 addendo
788 2979 805 3022 s
829 2957 867 3020 ad
887 2959 1041 3023 nominat.
1059 2958 1140 3042 sing.
1176 2959 1225 3020 Ita
1242 2959 1337 3022 etiarn
1355 2959 1469 3023 Jacob.

208 3065 238 3127 5:
263 3087 291 3124 v.
319 3065 357 3126 16
381 3083 437 3128 aaa
460 3064 655 3146 rdttsdrdlps
678 3082 772 3126 maus
796 3063 877 3126 teta.

295 3167 431 3230 Dativus
465 3179 497 3229 et
532 3167 626 3230 ablat.
660 3167 741 3250 sing.
767 3164 931 3228 masculin.
957 3165 988 3227 in
1014 3186 1072 3243 ortt,
1097 3165 1317 3248 formaturque
1342 3165 1469 3248 adjecto

208 3291 258 3335 om
292 3271 331 3333 ad
366 3293 451 3332 nom.
487 3270 568 3356 sing.
597 3271 744 3354 (antique
767 3269 799 3332 in
823 3290 886 3351 um,
911 3269 956 3331 sic
976 3269 1137 3350 perabluat
1161 3268 1276 3350 sladya
1303 3291 1330 3332 c.
1357 3270 1372 3330 1
1398 3269 1467 3334 KB.

210 3373 296 3436 san.
330 3374 420 3438 meat
447 3394 608 3438 suoram
631 3373 715 3451 aare,
737 3372 769 3435 fl.
794 3373 813 3437 a
837 3352 931 3435 tua
957 3371 1078 3456 upa.)
1107 3377 1225 3436 saroa
1260 3371 1336 3433 ltu.
1362 3373 1392 3434 a:
1418 3373 1468 3456 15,

209 3497 296 3541 enom
330 3479 464 3542 cadram
489 3479 504 3538 1
529 3476 601 3540 Cor.
628 3479 678 3559 12,
701 3478 836 3558 aduram
860 3475 957 3538 Marc.
985 3478 1023 3539 16
1047 3498 1088 3549 v.,
1105 3475 1241 3539 cadram
1256 3495 1371 3539 menae
1386 3475 1468 3559 Byg.

209 3579 276 3644 Lu.
312 3603 338 3644 c.
364 3582 423 3657 10.,
453 3576 682 3643 femininorum
706 3580 738 3642 in
763 3601 793 3658 a,
817 3579 944 3662 adjecto
967 3577 1122 3640 videlicet
1144 3600 1175 3660 u,
1200 3578 1238 3640 ad
1262 3601 1346 3640 nom.
1377 3578 1471 3664 sing.;

209 3697 408 3766 neutrorum,
443 3684 475 3745 in
510 3705 536 3759 o,
572 3683 682 3746 addito
718 3705 834 3768 nempe
869 3703 886 3746 o
923 3681 962 3743 ad
998 3704 1082 3744 nom.
1120 3682 1200 3766 sing.
1250 3681 1349 3746 Mich.
1384 3683 1414 3745 3:
1450 3685 1470 3745 4

209 3789 280 3854 med
311 3790 381 3853 adro
415 3789 494 3854 oudo
527 3789 683 3862 wdseada,
718 3775 816 3851 Matt.⁸
847 3788 875 3849 6:
904 3787 941 3849 13
964 3787 1035 3868 isrd
1057 3787 1137 3850 oudo
1161 3807 1238 3867 equo
1261 3787 1470 3869 audoutupuo

210 3916 235 3954 e.
262 3895 297 3955 ll
326 3891 405 3956 KB.
431 3892 498 3954 LL.
525 3892 750 3974 laybltalladlto
773 3893 866 3974 tinge.
890 3913 917 3954 c.
946 3892 985 3952 14
1009 3889 1097 3952 Tiuf.

295 3995 363 4059 NB.
410 3995 575 4059 lnterdum
609 4007 717 4057 tamen
752 3994 891 4058 occurrit
914 3994 1011 4056 etiam
1036 3992 1146 4056 femin.
1173 3991 1301 4054 dativus
1324 3993 1357 4054 in
1382 4013 1410 4075 o,
1434 4005 1470 4056 ut

209 4099 291 4164 Psal.
319 4101 390 4162 110:
414 4121 443 4161 v.
470 4100 509 4163 13
532 4101 545 4162 a'
566 4099 668 4180 helipo
686 4099 871 4180 prpdltut’nq
895 4111 955 4161 etc.

297 4203 510 4265 Accusativus
534 4202 615 4286 sing.
640 4201 806 4264 masculin.
832 4201 951 4264 desinit
974 4201 1006 4263 in
1031 4222 1084 4275 avt,
1109 4200 1238 4284 adjecto
1263 4221 1305 4262 aa
1330 4198 1368 4260 ad
1386 4222 1471 4262 nom.

211 4306 303 4390 sing,
326 4305 472 4370 feminin.
497 4306 530 4369 in
546 4328 577 4388 a,
601 4304 711 4368 addito
733 4327 755 4369 a
779 4305 817 4368 ad
842 4305 1007 4382 nominat,
1020 4317 1209 4367 neutrorum
1232 4303 1347 4365 similis
1371 4301 1473 4364 nomi-

210 4411 330 4473 nativo.

298 4514 474 4576 Vocativus
508 4514 589 4598 sing.
624 4513 697 4596 (sed
732 4513 827 4598 hujus
861 4511 1037 4574 flexionem
1060 4533 1124 4572 non
1149 4509 1302 4594 exposuit
1323 4509 1472 4592 Buraeus)

210 4618 243 4680 in
266 4640 290 4682 e.
338 4618 374 4680 ln
410 4641 504 4680 masc.
540 4618 650 4681 femin.
686 4630 719 4680 et
752 4617 890 4692 neutris;
926 4616 971 4678 sir
1001 4615 1077 4679 tare
1097 4615 1224 4696 fudber,
1247 4613 1333 4694 helpe
1353 4613 1471 4688 (adher

210 4722 285 4789 doh.
323 4726 372 4788 17.
408 4745 437 4786 v.
475 4726 522 4787 ll.
570 4725 662 4798 Kdre
684 4723 822 4801 modhcr,
846 4722 923 4800 ltdra
947 4721 1038 4804 barra,
1067 4719 1156 4803 item,
1179 4739 1197 4782 o
1217 4717 1317 4813 podiae
1337 4717 1474 4802 peralbo

202 4827 344 4916 stomata
366 4827 432 4896 citt
455 4838 516 4904 etc,
